3334 5292
808 439 825 483 tt
845 438 854 483 Ι
874 437 957 484 5Ρο
977 439 991 480 S
1011 439 1028 482 t
1049 442 1066 484 Α

788 639 899 686 uituottt
926 640 955 684 tu
980 639 1090 686 tootcn

445 825 512 891 Che
535 825 558 888 ii
582 824 700 907 Siguor
714 822 833 888 Grezia
847 839 912 887 uon
931 823 1029 886 abbia
1054 820 1300 902 periettantente
1312 819 1520 902 siiiogizzeto

306 974 310 982 ,
356 933 722 999 eeoueludentemente
746 933 909 1008 discorso,
932 931 1032 996 oredo
1053 931 1115 996 ohe
1141 930 1328 996 iaoiimente
1359 932 1387 994 si
1426 947 1520 1012 possa

356 1061 507 1108 raecorre
542 1044 584 1105 da
612 1042 688 1105 tutti
715 1043 792 1123 quei
815 1039 949 1122 iuoghi,
972 1039 1058 1103 dove
1080 1039 1145 1121 egli
1169 1039 1203 1102 di
1226 1055 1287 1103 suo
1310 1039 1445 1121 proprio
1468 1038 1520 1100 in·

357 1174 462 1240 gegeo
484 1159 510 1222 si
534 1161 635 1222 mette
658 1173 675 1216 a
701 1153 793 1221 voler
815 1152 1013 1218 dimostrare
1039 1152 1158 1218 alcuna
1188 1169 1277 1216 eosa.
1300 1151 1356 1216 Me
1381 1167 1440 1232 per
1463 1149 1522 1214 ed-

354 1266 461 1329 ditare
483 1263 622 1347 qualche
643 1260 851 1343 particulare,
866 1259 1088 1324 eomineiamo
1105 1277 1126 1323 e
1140 1259 1351 1324 considerare
1371 1257 1395 1320 il
1412 1259 1518 1339 primo

355 1378 549 1455 argomento
571 1371 634 1434 che
656 1369 721 1451 egli
745 1369 866 1444 scrive,
887 1368 949 1433 ohe
972 1365 990 1432 d
1013 1369 1100 1432 nelie
1124 1370 1229 1451 prium
1253 1367 1358 1432 ieeeie
1381 1367 1436 1432 dei
1461 1385 1521 1432 suo

355 1484 501 1553 trattato,
523 1476 607 1542 dove
632 1474 770 1542 volendo
794 1493 932 1556 provere
956 1483 1072 1541 eontno
1093 1476 1126 1539 ai
1154 1477 1221 1558 Sip.
1236 1475 1365 1542 Geiiieo
1398 1479 1463 1542 che
1495 1479 1518 1542 ii

355 1587 504 1670 ghiaoeio
537 1588 585 1648 sie
620 1602 726 1666 aequa
748 1584 948 1650 condonate
977 1601 1033 1666 per
1060 1579 1152 1650 virtu
1182 1583 1235 1650 del
1261 1584 1388 1660 froddo,
1415 1604 1435 1649 e
1458 1604 1520 1650 non

354 1695 526 1768 tendatis,
549 1712 694 1777 suppone
710 1710 766 1775 per
784 1713 864 1759 vero
878 1710 897 1757 e
911 1694 1085 1758 notissimo
1102 1693 1301 1758 ueli’istessa
1318 1696 1427 1775 prima
1446 1713 1519 1777 pro

354 1789 518 1884 posizione
539 1801 649 1882 queiio
671 1801 705 1863 di
729 1799 834 1864 chesi
851 1801 979 1874 dubita,
1001 1800 1191 1865 scrivendo:
1215 1799 1289 1880 Epii
1312 1818 1378 1864 nen
1401 1797 1418 1863 d
1441 1803 1519 1864 dni-

354 1912 402 1975 110
435 1912 548 1975 airuno
582 1912 636 1974 eise
659 1912 670 1972 i
691 1910 829 1992 sempiiei
851 1911 990 1974 eismenti
1012 1913 1039 1974 si
1062 1909 1261 1975 condensatio
1284 1909 1336 1974 dui
1355 1911 1515 1992 [reddar

351 2019 403 2082 dui
421 2020 507 2083 eeido
527 2020 556 2080 si
578 2018 762 2098 rorefonno.
787 2019 842 2083 Ma
865 2024 982 2098 questo
1004 2016 1023 2083 d
1046 2024 1192 2100 appuuto
1222 2019 1333 2100 queiio
1355 2018 1419 2082 che
1443 2017 1462 2083 ὁ
1483 2023 1516 2086 in

352 2128 540 2209 quistione,
575 2122 694 2209 perohd
719 2125 779 2189 che
802 2126 826 2188 it
851 2124 1001 2205 ghiaeoio
1024 2126 1051 2189 si
1075 2123 1181 2188 faceia
1204 2124 1376 2205 d'eoqua,
1402 2126 1467 2190 eho
1490 2127 1515 2190 si

353 2239 457 2304 iareie
482 2237 646 2304 mediante
669 2237 691 2299 ii
715 2235 852 2309 ireddo,
873 2251 893 2300 e
914 2235 976 2299 ohe
999 2234 1139 2314 l’eeque
1166 2234 1216 2298 sia
1239 2249 1307 2297 uno
1329 2231 1418 2318 degii
1451 2236 1518 2299 eie-

353 2348 454 2412 nenti
470 2348 630 2428 sempliei,
652 2344 669 2409 e
693 2345 875 2410 eonceduto
898 2345 941 2408 de
959 2346 1055 2410 ambe
1073 2345 1104 2408 ie
1121 2345 1217 2425 parti,
1234 2361 1253 2407 e
1268 2345 1339 2410 soio
1354 2347 1383 2410 si
1402 2347 1521 2413 dubita

351 2473 385 2520 se
410 2456 475 2519 tate
499 2457 613 2519 ezioue
635 2455 662 2518 si
686 2453 792 2518 tacete
815 2453 1048 2518 oondensando
1065 2454 1195 2535 i'aoque
1212 2470 1233 2517 o
1249 2453 1515 2529 rareiaeend01a3

353 2569 387 2631 ia
408 2566 486 2648 quai
509 2581 588 2628 cosa
611 2564 686 2630 vien
711 2581 802 2645 presa
826 2563 879 2628 dei
903 2563 969 2646 Sip.
985 2563 1104 2629 Grezia
1127 2579 1185 2644 per
1212 2563 1385 2626 notissimo
1420 2581 1520 2628 eoue-

351 2677 428 2740 dere
452 2691 509 2754 per
531 2673 800 2746 dementatione,
823 2671 972 2754 ponendo
995 2689 1053 2752 per
1076 2671 1262 2736 indubitato
1276 2677 1393 2752 questa
1407 2687 1517 2736 essere
1542 2759 1545 2764 Ι

352 2785 466 2848 anione
488 2782 539 2844 dei
562 2779 686 2845 ireddo.
709 2783 882 2863 Aggiugne
906 2781 959 2861 poi
982 2779 1015 2843 ei
1039 2779 1146 2860 primo
1167 2779 1190 2842 it
1214 2779 1356 2843 seeundo
1378 2797 1513 2844 menoa-

352 2893 472 2962 tuento,
496 2885 636 2952 volendo
658 2886 862 2952 ooniermere
884 2892 1001 2968 questo
1022 2893 1160 2951 assunto
1180 2903 1243 2951 oon
1267 2885 1513 2970 uu'esperienza

351 2995 452 3059 motio
475 2991 531 3077 pid
553 2994 682 3077 ignote,
704 2995 878 3060 scrivendo
901 2991 955 3059 oid
978 2995 1225 3062 sensibiimenie
1247 2997 1399 3076 apperire
1426 2997 1517 3062 nette

352 3105 568 3186 generezione
590 3103 774 3185 deii’aequa
795 3119 814 3167 e
837 3103 995 3168 deii’aria.
1018 3105 1076 3170 Ma
1098 3095 1206 3180 dove,
1229 3120 1362 3170 oomee
1383 3107 1518 3188 quando

351 3211 379 3273 si
401 3209 483 3274 vede
506 3228 568 3292 pur
591 3212 771 3276 solamente
795 3211 826 3274 ia
851 3210 1065 3294 generezione
1087 3200 1281 3293 deii'aepue
1302 3228 1324 3274 o
1346 3211 1517 3284 dsti'eria‚

351 3333 415 3384 non
448 3321 510 3384 eise
543 3319 789 3385 sensibilmente
822 3321 995 3402 apparisoa
1029 3326 1146 3400 questa
1171 3339 1192 3384 o
1221 3319 1330 3401 queiie
1354 3321 1435 3386 farsi
1461 3341 1518 3404 per

349 3425 607 3490 condensatione
636 3445 657 3490 o
681 3443 738 3508 per
761 3426 990 3491 rereieeione‘i
1013 3427 1049 3492 in
1071 3427 1155 3492 oitre
1177 3429 1243 3510 egii
1267 3427 1449 3496 medeeimo
1472 3431 1515 3494 de

351 3548 407 3613 per
436 3530 471 3596 sd
503 3541 606 3599 stesso
634 3537 661 3599 si
690 3536 886 3611 ceodrum,
913 3553 931 3599 e
955 3553 1093 3616 souopre
1116 3537 1140 3600 ii
1164 3536 1279 3603 diietto
1302 3537 1355 3601 dei
1379 3555 1442 3602 suo
1466 3557 1517 3605 es·

350 3647 457 3714 sunto,
482 3642 600 3725 miehi
622 3644 773 3710 dovendo
795 3661 902 3709 essere
925 3644 956 3708 ie
980 3644 1210 3727 propositioni,
1226 3645 1288 3708 ohe
1303 3646 1330 3709 si
1348 3645 1517 3728 prendone

352 3765 409 3831 per
431 3751 580 3834 prineipj,
603 3755 773 3818 notissime
795 3754 835 3817 ed
858 3754 1051 3829 universati,
1073 3755 1137 3837 egli
1162 3760 1267 3820 stesso
1283 3754 1515 3837 doppiamente

351 3861 466 3925 dubita
488 3863 578 3926 eirea
612 3881 630 3927 e
665 3869 781 3945 questa
804 3878 881 3940 sue,
903 3863 943 3926 ed
966 3860 985 3927 d
1007 3865 1131 3928 iorzate
1153 3881 1174 3926 e
1199 3864 1367 3930 iimiteria.
1393 3863 1512 3930 nnete

351 3973 456 4052 prima
479 3971 563 4036 deile
585 3978 699 4046 saette,
722 3971 807 4035 neiie
828 3973 942 4054 quali,
965 3982 1082 4038 contro
1100 3973 1154 4036 aii·
1167 3974 1312 4037 assianae
1336 3979 1510 4056 supposta,

350 4095 427 4159 pare
448 4079 509 4143 nite
530 4080 554 4144 ii
579 4080 692 4144 ireddo
712 4081 811 4144 abbia
830 4077 919 4146 virtu
943 4081 977 4146 di
1002 4099 1158 4164 generare
1183 4081 1204 4144 ii
1229 4081 1336 4155 iuoeo,
1361 4084 1428 4147 che
1449 4079 1467 4146 d
1490 4082 1514 4147 ii

350 4187 406 4271 piri
429 4191 538 4256 sottiie
566 4191 651 4273 degii
680 4191 843 4254 elementi.
878 4191 1009 4254 L'eitre
1046 4191 1257 4256 dubitazione
1290 4209 1390 4257 nasee
1424 4191 1513 4256 daile

349 4302 552 4384 pregnuola,
573 4302 661 4365 neiis
682 4300 780 4382 quale
813 4303 943 4365 sembra
977 4300 1038 4362 ene
1062 4299 1084 4362 it
1109 4301 1219 4366 eaiore
1242 4303 1340 4366 abbia
1363 4297 1458 4366 virtit
1481 4300 1513 4364 di

348 4407 559 4472 eondensare.
583 4407 639 4472 Ma
661 4425 697 4472 se
719 4414 836 4490 questo
859 4415 995 4472 assunto
1017 4407 1099 4472 deve
1123 4408 1156 4473 in
1180 4409 1292 4474 eiouni
1315 4409 1385 4473 ensi
1407 4425 1516 4472 essere

351 4517 515 4590 limitato,
537 4517 602 4599 agii
626 4515 644 4579 d
668 4518 733 4581 mei
757 4519 865 4583 buono
889 4535 945 4600 per
972 4517 1150 4581 dimostrar
1185 4516 1278 4580 nuiie
1313 4517 1517 4581 neeessaria-
