3104 5168
189 273 233 338 8t
468 287 609 335 niaooaao
631 286 762 335 tttronito
784 288 794 332 ι
816 285 1056 335 oannnoonan.

191 410 294 475 stione
315 409 510 474 attramento
532 409 568 473 in
590 410 674 485 aria,
696 425 751 473 ma
773 407 928 473 diaoende
950 407 982 470 at
1004 408 1113 481 hamo.
1129 421 1149 469 e
1167 404 1364 473 solamente

190 520 286 584 viva
311 518 463 602 vagando
486 517 617 600 qnando
645 517 735 583 vonti
759 515 921 599 gagliaadi
949 515 981 579 ta
1004 514 1199 588 ooitevano.
1222 532 1247 578 o
1272 515 1362 589 dtu

189 629 374 711 agitatione
396 627 428 691 di
453 628 523 690 aria
546 626 578 690 ta
599 641 812 691 eommoovez
835 623 859 686 ii
882 623 946 687 ohe
967 623 1073 688 anohe
1095 622 1244 688 avviene
1271 623 1361 687 notia

188 737 415 801 eommozioae
436 733 511 799 dett·
525 724 643 815 aequa,
665 750 723 815 per
745 733 778 795 la
800 732 898 814 quate
920 731 947 795 ei
970 731 1093 795 sotteea
1117 731 1150 796 Ιι
1166 748 1235 796 ena
1254 732 1362 814 depo-

187 845 310 909 siaione
332 842 397 907 dai·
409 840 520 918 fondo,
538 860 557 905 e
575 844 600 907 s'
613 842 789 908 inturbida.
812 841 867 905 ata
889 841 1060 907 AristotiIe
1074 858 1140 905 non
1156 837 1227 922 pud
1245 842 1364 907 inten-

188 950 247 1017 der
268 950 302 1014 di
324 944 441 1031 questo
464 949 699 1031 impedimento
722 948 808 1012 delta
827 948 1064 1023 commoniono,
1085 948 1137 1013 dei
1159 950 1265 1029 quale
1298 950 1363 1033 egti

188 1075 254 1122 noa
275 1057 308 1123 ia
334 1058 515 1134 menzione,
539 1052 580 1119 nd
601 1057 735 1122 nomina
760 1056 846 1119 attro
868 1056 930 1120 ohe
952 1057 987 1120 ta
1009 1056 1198 1139 ieggerozaa
1234 1057 1274 1122 di
1291 1058 1359 1137 ¹taii

188 1170 329 1245 minimi,
351 1188 371 1233 e
394 1169 427 1234 ta
450 1169 628 1233 resistenza
650 1168 736 1233 detta
757 1168 915 1233 oraasizie
936 1168 1011 1234 dett’
1024 1185 1132 1250 aoqna
1146 1187 1167 1234 o
1180 1169 1361 1237 doit'aaia:

188 1279 243 1342 dai
264 1278 327 1343 otae
343 1278 373 1342 ai
396 1278 479 1342 vodo
492 1275 556 1341 ohe
577 1277 643 1359 ogti
667 1281 769 1341 tratta
791 1276 867 1340 deti'
880 1278 953 1341 aria
968 1279 1092 1359 quieta,
1106 1294 1126 1342 e
1142 1294 1209 1345 non
1225 1280 1362 1363 agitata

191 1402 436 1451 eoommoaaa:
460 1403 514 1450 ma
537 1386 573 1449 in
596 1386 641 1449 tat
664 1401 743 1450 eaeo
764 1381 806 1449 nd
826 1404 901 1460 oro,
922 1383 965 1451 nd
988 1393 1091 1463 terna,
1114 1405 1172 1470 per
1194 1389 1363 1455 minutia·

189 1495 266 1557 simi
288 1494 350 1558 ohe
371 1494 473 1568 eieno‚
496 1494 525 1559 si
547 1499 755 1575 matengono,
777 1495 851 1559 anzi
874 1495 1114 1576 speditamente
1136 1496 1360 1563 discendono.

281 1604 384 1669 Passa
406 1604 459 1686 poi
476 1620 497 1667 a
513 1601 668 1667 ooniotar
685 1603 885 1679 Democrito,
908 1604 932 1667 it
951 1606 1039 1685 onai,
1056 1622 1114 1687 por
1127 1622 1189 1670 aua
1203 1608 1365 1673 teatino-

192 1713 322 1789 niman,
343 1712 466 1777 voleva
479 1712 542 1777 ohe
560 1712 672 1807 aiouni
690 1714 790 1777 atomi
810 1715 916 1796 ignei,
935 1714 959 1777 ii
974 1716 1065 1795 quati
1084 1715 1365 1781 continnamente

192 1822 377 1887 aaoendono
403 1840 460 1905 per
478 1823 625 1905 Paeona,
647 1824 853 1905 apignessero
874 1824 909 1887 in
933 1839 972 1887 so
994 1822 1022 1886 e'
1035 1829 1260 1887 sosteneasero
1280 1824 1362 1905 quei

193 1932 284 2013 corpi
308 1933 403 2016 gravi
433 1933 495 1997 ohe
519 1932 642 1997 fosseio
664 1935 767 1997 motio
789 1932 909 2015 largiti,
932 1950 951 1993 e
973 1932 1035 1995 ohe
1058 1932 1102 2014 gii
1127 1932 1237 1995 stretti
1261 1948 1364 1997 eoen-

192 2042 323 2107 deasero
346 2041 379 2105 at
400 2043 509 2118 bomo,
532 2037 650 2123 percite
673 2059 755 2124 poca
772 2035 925 2122 quantitd
943 2038 993 2102 de’
1005 2039 1085 2103 detti
1103 2039 1204 2102 atomi
1218 2045 1365 2107 eontra-

191 2155 243 2214 sta
264 2149 335 2215 loro
356 2168 376 2215 e
398 2170 555 2234 repugna.

284 2258 427 2327 Contuta
449 2261 526 2325 dioo
548 2261 719 2325 Aristottie
735 2266 852 2341 questa
868 2260 1034 2342 positione
1057 2259 1208 2334 dicendo,
1220 2259 1366 2327 oheoid

198 2366 382 2431 doverebbe
403 2368 508 2431 motto
531 2362 588 2447 pid
610 2368 752 2431 aeonion
773 2367 943 2445 aetiana,
965 2364 992 2432 si
1010 2384 1106 2433 oome
1124 2367 1147 2432 it
1170 2367 1363 2437 medeoimo

200 2471 390 2537 Democrito
411 2474 499 2535 insta
520 2478 636 2537 oontm
656 2474 690 2537 di
713 2469 763 2549 od:
779 2492 833 2539 ma
849 2475 933 2557 dopo
950 2494 1032 2542 aver
1047 2491 1155 2540 mosea
1173 2475 1194 2538 i'
1207 2477 1366 2544 instante

198 2579 231 2643 ia
249 2580 386 2662 eoiogtie
401 2580 596 2675 lievemente
611 2598 675 2645 oon
689 2581 762 2647 dire
776 2583 838 2647 ohe
853 2585 929 2666 quei
944 2585 1142 2667 eorpueooti,
1159 2585 1222 2648 one
1235 2601 1363 2651 awen-

196 2689 282 2753 dono
306 2690 340 2752 in
364 2690 446 2764 aria,
470 2689 568 2755 fanno
591 2691 714 2770 impeto
736 2709 802 2756 non
826 2694 1040 2757 unitamonte.
1061 2693 1129 2771 Qui
1151 2694 1185 2757 io
1199 2709 1267 2757 non
1283 2690 1367 2759 diro

196 2796 258 2860 che
283 2797 314 2862 ia
335 2797 475 2879 angione
495 2798 631 2862 addotta
654 2799 697 2863 da
718 2799 909 2865 Damocrito
930 2802 981 2865 sia
1002 2818 1094 2874 vera,
1115 2817 1172 2864 ma
1195 2796 1271 2864 diro
1289 2802 1367 2869 soto

198 2906 341 2987 panormi
363 2906 426 2971 ohe
447 2924 513 2971 non
535 2908 751 2972 interamente
777 2926 884 2991 venga
917 2909 1089 2974 confutata
1112 2911 1154 2974 da
1177 2910 1366 2989 Aristotito,

195 3016 388 3101 mentr'egti
411 3016 580 3091 diodone
602 3017 749 3083 setosae
772 3036 851 3082 vero
872 3019 934 3082 ohe
957 3018 1003 3102 gii
1025 3019 1128 3084 atomi
1151 3019 1264 3092 calidi,
1296 3020 1365 3087 otae

196 3128 404 3203 amendono,
427 3134 647 3195 eoateoessero
669 3129 680 3191 i
704 3129 795 3210 eorpi
819 3129 937 3210 gravi,
961 3144 1015 3191 ma
1042 3129 1129 3192 assai
1153 3127 1285 3209 largii,
1307 3124 1366 3195 eid

196 3239 373 3305 doverieno
394 3239 446 3305 iar
463 3242 566 3306 molto
585 3238 641 3324 pii
658 3240 734 3306 neti’
747 3240 820 3304 aria
838 3237 900 3303 ohe
918 3237 1113 3318 neit'aoqua,
1128 3232 1249 3319 pereni
1262 3235 1364 3315 som,

198 3364 253 3426 per
267 3351 401 3428 opinion
416 3350 630 3425 d’Aristotiie‚
647 3352 659 3413 i
676 3348 847 3415 medesimi
862 3346 1049 3427 oorpnsooti
1066 3346 1167 3411 oaiidi
1183 3362 1246 3410 eon
1262 3362 1363 3431 mag·

198 3456 270 3537 gion
285 3456 409 3519 tornae
425 3453 568 3521 velociti
589 3465 804 3522 sonnontono
823 3475 881 3538 per
903 3455 996 3520 i'aria
1012 3456 1074 3520 che
1092 3473 1150 3538 poa
1167 3456 1308 3536 i’aoqna.
1323 3455 1363 3521 tt

199 3582 234 3629 so
255 3568 374 3645 questa
397 3559 427 3637 i,
449 3561 478 3628 ei
496 3560 592 3629 oome
614 3567 648 3628 io
670 3567 781 3639 oredo,
802 3565 824 3628 Ι’
838 3566 988 3629 instanza
1010 3564 1228 3637 d’Aristotite,
1252 3564 1362 3644 parmi

199 3674 315 3739 d'aver
335 3671 476 3751 oagione
493 3671 527 3734 di
543 3672 677 3736 dubitat
689 3672 784 3736 oia’ei
800 3689 894 3753 poena
912 3674 1029 3738 esaersi
1052 3673 1234 3754 ingannato
1250 3671 1286 3733 in
1301 3666 1363 3751 pti

199 3783 278 3847 d’nn
293 3784 408 3845 oonto:
424 3779 543 3861 prima,
561 3775 681 3860 perohd
694 3780 767 3861 que*
780 3780 896 3853 calidi,
913 3799 935 3844 o
950 3781 1041 3843 sieno
1057 3780 1242 3860 oorpnsooti
1257 3780 1362 3861 ignei

198 3893 325 3957 oaieno
346 3889 536 3964 esaiazioni,
558 3905 579 3952 o
601 3890 635 3951 in
658 3906 785 3954 somma
809 3890 901 3953 sieno
923 3890 1113 3969 qnatonqne
1135 3888 1277 3952 materia
1296 3887 1362 3953 ono

197 3999 302 4065 anohe
326 4000 360 4064 in
382 3999 455 4062 aria
471 3995 611 4061 aeoenda
636 3996 670 4059 in
692 4012 743 4068 ata,
761 4012 829 4059 non
850 3991 871 4057 d
891 3993 1048 4059 credibile
1070 3994 1133 4057 ohe
1149 3989 1206 4075 pin
1225 3995 1360 4058 vetooe·

198 4112 305 4171 mente
327 4107 466 4190 salgano
489 4122 546 4187 per
568 4103 589 4167 l'
606 4104 676 4167 aria
700 4103 763 4168 ohe
786 4120 843 4185 per
865 4103 885 4165 Ι*
898 4119 1018 4182 aequa:
1042 4104 1117 4168 anzi
1138 4103 1362 4169 att'inoontro

198 4232 257 4297 per
277 4222 461 4283 avventura
486 4211 542 4297 oid
566 4215 861 4296 impetnoeamente
883 4213 910 4276 ei
935 4229 1101 4279 muovono
1122 4229 1181 4295 per
1215 4213 1235 4275 t’
1251 4229 1361 4295 aeona

199 4324 260 4389 otae
284 4341 342 4406 per
362 4325 382 4399 tt
395 4327 476 4399 aria,
497 4340 592 4389 oome
614 4324 647 4387 in
672 4329 765 4404 parte
787 4322 820 4386 di
843 4339 940 4403 sopra
963 4321 1005 4388 Ιιο
1027 4325 1234 4388 dimostrato.
1258 4323 1360 4404 nont
