3104 5168
89 461 92 467 Ι
203 386 267 453 342
642 356 907 454 niuosis

230 580 236 591 ,
358 527 446 609 (Peg.
475 521 548 611 136)
573 524 742 606 Aqqicnyc
763 513 937 592 sisinnii
957 526 1043 608 cerci
1058 542 1114 591 ec.

288 634 356 702 Che
389 634 466 699 tuiti
501 636 513 698 i
540 635 654 716 corpi,
676 635 739 699 che
761 636 789 700 si
814 635 1007 701 distensione
1029 652 1047 699 e
1075 653 1166 701 seco
1194 634 1370 708 ssussibiii.

199 744 291 808 siene
313 744 460 808 conticui
483 761 502 807 e
526 743 657 819 viscosi,
678 760 743 808 noc
768 743 947 808 solamente
969 760 1035 809 coc
1060 742 1123 807 dee
1149 760 1274 809 essere
1296 760 1370 826 sup

200 859 293 934 posto
315 870 373 935 per
396 870 475 918 vero
496 870 515 917 e
538 858 637 928 noio,
673 870 726 917 me
759 854 803 917 he
838 853 931 919 iccio
955 855 1128 937 meggicre
1168 853 1368 937 biscgcodi

200 978 313 1045 prove,
334 969 459 1044 quanio
477 963 576 1028 moiie
594 962 779 1046 esperiecze
797 964 829 1027 ci
845 967 1014 1028 mosirece
1028 962 1053 1027 ii
1072 963 1271 1028 contrario.
1289 962 1369 1028 liei·

200 1069 326 1134 tissime
349 1070 472 1150 polveri
497 1069 655 1135 unissime
678 1069 705 1132 si
728 1069 923 1136 distendens
939 1087 958 1133 e
976 1086 1059 1135 sono
1082 1069 1266 1142 nascibili,
1279 1086 1366 1134 cone

199 1196 232 1242 v.
255 1200 284 1263 g.
307 1181 415 1263 quelle
437 1181 523 1265 degli
545 1180 676 1253 oricoli.
698 1176 741 1245 ne
762 1177 841 1264 perc
863 1198 944 1247 sono
964 1196 1011 1246 uc
1043 1198 1153 1264 corpo
1181 1182 1362 1249 contineo.

199 1285 240 1353 ne
261 1291 399 1355 visccso.
421 1290 457 1355 In
480 1291 563 1355 oiire
585 1307 620 1355 se
642 1289 797 1356 cii'esser
818 1292 977 1356 continuo
998 1306 1017 1355 e
1040 1291 1181 1355 viscoso
1206 1306 1253 1355 ue
1276 1290 1360 1354 visne

198 1399 232 1459 in
255 1413 479 1481 conseguecze
503 1397 565 1462 che
586 1402 670 1462 tutis
695 1398 724 1461 ie
755 1399 841 1481 perti
876 1398 1041 1482 seguiiino
1063 1397 1096 1462 ie
1118 1399 1239 1480 prime
1255 1398 1357 1462 chesi

198 1521 365 1569 muevoco
386 1521 404 1568 e
426 1506 454 1569 si
478 1505 646 1579 diniaco,
669 1522 763 1570 come
788 1508 845 1589 qui
882 1506 991 1572 serice
1025 1506 1049 1570 ii
1084 1504 1157 1588 sig.
1182 1506 1355 1577 colone,

198 1616 351 1698 adunque
373 1618 384 1681 i
407 1617 510 1699 ecrpi.
533 1615 673 1698 de’queii
696 1616 727 1680 ie
749 1616 855 1699 prime
877 1617 963 1699 perii
979 1616 1041 1680 che
1062 1616 1092 1679 si
1107 1630 1290 1682 muovcce
1303 1614 1352 1678 es·

197 1722 344 1789 diieicno
370 1741 437 1791 non
464 1721 545 1790 sene
566 1711 693 1809 seguiie
715 1724 758 1789 de
781 1729 865 1790 iuiie
886 1710 1027 1799 l'eii're.
1053 1738 1120 1788 ccc
1147 1740 1299 1789 senune
1318 1717 1351 1785 ei

197 1831 345 1896 continui
368 1828 410 1896 ne
431 1833 576 1907 viscosi:
602 1848 659 1898 me
680 1833 747 1896 tels
769 1836 917 1914 appanis
938 1848 958 1895 e
979 1831 1002 1894 1’
1012 1845 1145 1913 ecque:
1183 1826 1305 1915 pecchi
1320 1846 1348 1893 ιε

197 1938 240 2003 ds
257 1957 308 2004 vuc
331 1958 412 2008 vase
430 1941 462 2006 d'
474 1958 580 2025 ecque
599 1942 632 2006 ic
650 1959 692 2006 ne
707 1938 870 2007 solisverc
886 1957 953 2005 ece
970 1938 1159 2023 porticella,
1173 1936 1346 2006 inmederi

198 2048 303 2129 prime
327 2066 372 2112 un
396 2048 487 2126 (iiio,
509 2066 529 2112 e
550 2052 603 2132 poi
629 2034 792 2114 lirendoio
813 2048 911 2114 succe
932 2049 1135 2113 ieciemecie
1164 2046 1348 2118 usum.

197 2159 282 2220 tuiis
302 2155 324 2219 l’
337 2156 420 2220 elice
442 2158 528 2239 perii
550 2174 616 2222 noc
641 2174 787 2241 seguono
809 2154 990 2221 eiisimenti
1012 2154 1216 2239 qnenaehe
1249 2138 1344 2222 edui-

197 2282 252 2328 sce
273 2265 307 2339 ei
321 2266 411 2339 dito.
436 2284 490 2332 ma
511 2266 533 2329 i’
546 2267 806 2341 abbendonanm
828 2282 847 2331 e
869 2266 981 2348 queue
1001 2246 1065 2330 che
1087 2258 1149 2347 piis
1167 2264 1346 2349 imperiae

197 2376 255 2439 dee
276 2392 384 2440 essere
407 2376 625 2451 considerate,
644 2394 708 2442 non
725 2381 812 2442 tutta
830 2375 852 2440 i'
864 2392 971 2458 ecque
992 2376 1020 2440 si
1044 2390 1165 2456 separa
1189 2372 1249 2439 dei
1270 2368 1345 2444 iii).

197 2501 251 2546 me
275 2483 382 2566 giiene
402 2490 490 2547 resta
513 2489 677 2549 etieccaie
700 2501 767 2550 une
790 2491 882 2568 perte
900 2505 909 2560 ;
928 2482 1057 2551 ondesi
1076 2498 1201 2568 sccrge
1217 2482 1283 2549 che
1301 2475 1346 2566 sii

195 2584 432 2655 icciimecie'si
456 2608 616 2674 ceperano
638 2592 669 2656 ie
691 2596 776 2676 perii
806 2593 1000 2675 dell'eeque
1026 2590 1128 2656 i'une
1156 2590 1345 2661 can'olca.

197 2716 215 2761 e
239 2715 334 2762 mene
356 2705 474 2764 stanno
496 2705 659 2764 etieccaie
682 2700 730 2764 irc
754 2702 787 2765 di
812 2702 883 2766 ioco
905 2701 978 2765 ehe-
1000 2698 1032 2763 ei
1065 2698 1138 2764 (iiio
1160 2716 1186 2765 c
1208 2700 1255 2765 ed
1275 2698 1346 2764 cicc

195 2825 317 2890 corp03
341 2826 359 2871 e
382 2791 500 2890 perche
523 2827 587 2873 noc
611 2812 638 2874 si
663 2807 729 2891 pue
752 2811 821 2874 dire
855 2811 917 2874 che
939 2808 1180 2890 deli'ecquee
1203 2809 1259 2873 dei
1287 2808 1343 2873 (iiic

194 2916 221 2980 si
246 2918 295 2980 sia
318 2917 401 2981 ictio
424 2936 468 2981 un
491 2921 672 2994 continuo,
695 2919 849 2999 adunque
872 2919 974 2982 moiio
997 2933 1095 2980 meno
1117 2914 1177 2981 cie
1200 2919 1230 2982 si
1266 2911 1345 3000 coiri

195 3028 327 3092 inierire
349 3030 434 3093 deiie
458 3030 543 3111 perii
566 3029 758 3111 deil'aequa
781 3033 833 3092 tra
857 3028 890 3092 di
913 3029 1006 3103 loro,
1040 3025 1179 3091 inferire
1202 3028 1282 3093 dico
1299 3024 1344 3090 id

193 3137 264 3202 lere
288 3142 376 3202 stare
398 3142 573 3211 eitcccaie
595 3137 657 3200 che
679 3137 709 3199 ie
732 3136 823 3202 siene
847 3143 897 3200 ire
916 3135 948 3199 di
965 3136 1036 3200 ioco
1051 3122 1226 3208 centinue.
1242 3130 1344 3220 poich&

194 3248 260 3312 ieie
283 3252 526 3312 etieceemenie
549 3243 567 3310 ὲ
590 3240 646 3328 pii
670 3246 784 3310 debeis
807 3245 839 3308 di
862 3244 972 3326 quello
994 3243 1056 3308 che
1071 3242 1171 3307 visne
1194 3232 1251 3308 dei
1266 3248 1342 3308 coc·

194 3362 277 3421 ictio
300 3358 492 3437 deii'ccqua
515 3374 533 3419 e
555 3357 607 3420 dei
631 3356 711 3420 (iiio.
735 3355 775 3419 Di
799 3350 867 3437 piei,
889 3352 999 3434 quello
1022 3351 1083 3416 che
1102 3347 1212 3416 dovre
1244 3366 1342 3435 pem

195 3461 248 3545 pic
273 3471 386 3529 sirano
409 3466 441 3528 ei
465 3467 530 3550 Sig.
554 3465 722 3540 eoiomco,
748 3466 885 3547 i’eequa
908 3465 970 3528 ebe
993 3462 1034 3527 de
1058 3479 1103 3526 uc
1128 3462 1254 3544 piccio!
1275 3460 1342 3529 [erc

193 3574 254 3636 che
277 3580 325 3636 sie
349 3575 400 3637 nei
425 3574 522 3638 fondo
542 3575 571 3637 ‹i’
584 3593 629 3638 un
648 3592 737 3650 vaso,
762 3575 855 3638 visne
872 3574 958 3638 fuori
975 3590 993 3637 e
1010 3570 1091 3637 cede
1111 3570 1144 3635 ei
1163 3572 1342 3647 bessem

192 3679 286 3745 viene
309 3682 598 3762 congiuniamenie
622 3681 750 3767 seguiia
774 3684 860 3748 daile
883 3684 1070 3748 successive
1094 3683 1209 3763 perii,
1232 3700 1271 3748 se
1289 3694 1341 3745 ιω

191 3807 249 3872 per
271 3789 466 3854 brevissimo
489 3790 675 3864 intervallo,
698 3792 782 3871 dopo
804 3791 826 3854 ii
856 3790 952 3872 quale
974 3806 1046 3853 esse
1068 3787 1155 3869 perii
1194 3788 1222 3851 si
1258 3800 1342 3868 em

191 3917 282 3975 rano,
305 3916 324 3962 e
345 3899 596 3962 continuandosi
621 3899 644 3961 ii
668 3904 758 3963 moto
776 3895 833 3980 piei
852 3916 870 3961 e
890 3895 946 3981 piei
961 3899 989 3962 si
1010 3897 1227 3969 dissecans:
1243 3892 1340 3961 siche

192 4009 338 4073 venenis
361 4008 404 4072 da
426 4007 566 4089 qualche
589 4007 732 4072 notabile
747 4009 893 4082 aliene,
917 4007 943 4070 si
966 4004 1162 4070 conducoco
1188 4006 1224 4068 in
1262 4011 1338 4069 iem

188 4118 293 4181 divise
316 4117 349 4180 in
374 4115 605 4198 piccioiissime
628 4114 724 4177 stine.
747 4116 774 4179 E
799 4115 860 4179 che
882 4115 952 4178 solo
976 4130 1033 4196 per
1048 4112 1250 4179 brevissimo
1270 4128 1340 4194 spu·

189 4228 241 4291 zio
263 4227 421 4290 scendico
443 4228 473 4290 le
496 4227 584 4290 deiie
608 4223 692 4306 perii
716 4225 916 4305 congium,
939 4224 966 4287 si
991 4214 1170 4287 conosceri
1200 4223 1341 4287 siccem·

192 4335 265 4398 dole
288 4352 351 4401 con
370 4354 415 4400 un
432 4334 606 4410 bicchiere‚
628 4332 682 4398 cei
705 4331 813 4415 queis,
838 4337 963 4397 mentre
986 4332 1119 4413 i'eoqua
1143 4329 1233 4395 ceno
1255 4326 1341 4412 spiiic

189 4444 271 4510 cede
286 4444 391 4519 unita,
413 4444 475 4508 elie
501 4445 596 4510 viene
618 4443 770 4508 rieevuie
792 4457 889 4504 senze
912 4439 1059 4520 crepito,
1081 4454 1146 4504 con
1162 4438 1197 4503 vi
1214 4432 1342 4504 incendo
