3104 5168
525 344 557 391 nr
580 344 731 392 nooovreo
752 344 856 392 nenne
879 346 1033 395 condrion.
1281 332 1339 399 1¹1¹

212 490 271 531 non
286 474 312 530 ei
331 475 406 531 inere
423 474 549 545 reggiero
566 475 797 543 meoinimenie,
818 489 864 531 me
882 476 941 531 ooio
960 476 979 530 il
999 492 1065 533 men
1084 494 1181 547 grave,
1201 478 1254 533 che
1273 480 1350 535 i'erie

212 578 298 633 moiie
314 590 369 631 eon
386 575 413 629 ln
430 574 518 631 moiie
535 578 611 631 terre
628 575 777 631 oeierebbe
794 576 843 645 pio
861 574 915 632 ohe
930 577 1056 648 ineque,
1075 578 1189 634 eimeno
1200 580 1228 634 di
1242 579 1349 649 gravior

207 675 343 743 meddin,
362 674 417 731 elie
434 675 517 746 qnele
535 688 592 728 non
611 674 735 731 nrrebbe
751 673 871 744 rispeiio
888 676 989 731 eienno
1008 677 1159 746 inprovidi
1177 679 1222 734 del
1241 672 1348 741 mezzo,

207 774 310 847 poiche
327 775 447 831 menno
461 775 481 829 il
499 790 597 844 necno,
616 773 671 831 eho
688 789 746 831 non
766 773 804 831 he
821 777 928 861 qneiiii¹
947 792 1081 835 neeeune.
1099 777 1182 835 0nde
1200 781 1350 849 inprovidi

206 878 331 934 monia
351 877 428 933 oeno
454 876 582 947 maggior
599 877 693 945 moe,
713 892 765 947 per
782 879 808 933 n
826 878 910 949 quan
927 879 973 935 vor
991 879 1051 935 one
1069 881 1087 935 n
1107 882 1211 937 monne
1230 882 1277 952 pio
1295 883 1349 953 ng·
1472 864 1481 873 ‘

205 979 287 1048 piero
303 978 350 1035 dei
367 992 467 1034 mezzo
484 979 660 1049 profonderei
678 978 708 1034 in
727 994 793 1037 esne
811 979 852 1035 iio
870 977 925 1035 ohe
943 980 971 1036 ie
989 979 1065 1035 ione
1083 997 1154 1036 sono
1171 981 1348 1053 equilibreio.

207 1092 266 1133 non
279 1076 391 1133 avendo
408 1081 551 1133 eonirenio
569 1077 613 1133 eoi
632 1092 731 1135 mezzo
748 1076 854 1149 perche
871 1080 889 1135 ὁ
906 1078 926 1135 ii
945 1094 1044 1147 vacuo,
1062 1079 1110 1135 chi
1129 1096 1186 1135 non
1207 1082 1278 1138 rede
1297 1081 1350 1138 eho

206 1176 264 1235 eii·
279 1177 345 1233 enrir
361 1176 480 1247 cepione
491 1176 520 1232 di
534 1177 662 1247 maggior
679 1174 799 1235 veioeiti
817 1179 865 1235 nei
877 1194 964 1249 oorpo
982 1179 1055 1236 deiin
1070 1182 1237 1251 molinario,
1253 1185 1306 1241 ohe
1319 1186 1348 1240 in

206 1278 302 1349 qneiio
317 1276 393 1335 delle
410 1292 482 1348 poen
498 1278 605 1349 eeani
621 1276 664 1335 No
682 1280 738 1349 pno
755 1279 776 1336 ii
801 1278 881 1335 iuooo
898 1277 954 1371 elie
972 1280 1047 1337 foere
1066 1282 1201 1339 neli’nrin
1218 1286 1350 1354 eegionnr

207 1380 383 1449 munere,
401 1377 507 1449 perebo
524 1395 576 1449 per
595 1379 640 1435 voi
659 1395 716 1436 non
729 1381 746 1437 d
760 1379 898 1451 leggiero:
917 1381 983 1437 enni
995 1382 1012 1437 d
1024 1382 1044 1437 ii
1063 1396 1152 1437 reone
1163 1384 1286 1441 secondo
1297 1385 1351 1441 lie·

204 1478 333 1535 monriio.
350 1477 394 1533 De
411 1477 451 1535 iel
467 1477 650 1535 conclusione
667 1494 684 1535 e
702 1478 828 1535 discorso
846 1479 913 1537 vien
931 1478 1094 1547 manifesto,
1107 1478 1161 1537 ohe
1173 1486 1272 1537 eoniro
1285 1482 1350 1536 Per-

203 1582 339 1647 menio
362 1576 539 1635 d'Arieioiiie
565 1582 665 1633 ooniro
682 1576 843 1635 liemooriio
861 1593 919 1632 non
938 1577 975 1633 ire
994 1579 1077 1649 lengo
1093 1580 1120 1635 le
1140 1584 1235 1638 voeire
1251 1582 1349 1637 distin-

201 1678 289 1735 tione
305 1677 440 1749 epeeiiien
466 1678 534 1735 iorni
563 1679 637 1735 delle
657 1680 743 1735 mollo
761 1684 835 1735 ierne
855 1697 871 1734 o
890 1696 960 1751 pora
978 1682 1025 1737 nei
1050 1682 1130 1751 eorpi
1156 1682 1229 1739 deiie
1257 1685 1349 1740 mede-

200 1778 277 1835 nimn
295 1778 455 1849 grandem
471 1779 502 1834 di
520 1779 605 1846 mole,
626 1777 728 1850 pnioird
740 1780 831 1836 rieece
843 1779 941 1836 salione
953 1781 981 1834 ie
994 1780 1120 1837 mnniern
1132 1782 1160 1836 d’
1170 1788 1350 1852 argumentur

203 1894 257 1951 per
273 1884 376 1951 quoni!
392 1879 447 1937 vin.
471 1878 547 1935 Anni
565 1879 593 1934 io
611 1894 699 1950 provo
717 1879 810 1936 airoino
829 1880 903 1936 pelio
929 1881 1043 1951 diepuin
1062 1886 1178 1949 nonina,
1197 1883 1304 1939 deved
1331 1886 1349 1938 ii

198 1984 304 2039 Ἰοιιο
329 1980 415 2053 pinno
432 1998 450 2039 e
468 1996 526 2037 non
545 1981 566 2036 ii
584 1987 679 2037 vnoio.
704 1981 747 2039 Un
764 1996 852 2049 grone
872 1982 901 2036 di
931 1987 1005 2037 terro
1033 1983 1050 2038 d
1080 1984 1109 2037 in
1130 1983 1237 2054 inpeoie
1264 2000 1350 2055 greve

200 2084 312 2153 querito
327 2096 384 2139 nnn
400 2080 473 2139 zoile
490 2082 519 2137 di
539 2082 617 2139 venii
636 2082 741 2148 libore,
761 2098 778 2135 e
798 2082 973 2138 nondimeno
992 2083 1019 2139 ie
1044 2084 1115 2139 zoile
1134 2084 1218 2139 cedri
1237 2085 1284 2154 pid
1303 2100 1351 2142 ve·

202 2180 474 2237 iooemenionierrn
489 2179 543 2237 ohe
556 2197 613 2236 non
627 2180 687 2237 iord
701 2181 766 2252 quei
780 2196 879 2250 grone,
890 2181 932 2237 sie
945 2183 1012 2237 neii
1021 2182 1081 2239 orie
1096 2183 1169 2239 onie
1181 2184 1349 2256 neii'nequo3

201 2298 223 2339 e
237 2282 384 2339 ademto
400 2298 506 2340 nneore
523 2283 568 2340 roi
587 2281 641 2339 eine
659 2287 784 2339 nnoieno
804 2283 970 2355 neil’eoque,
990 2299 1007 2339 e
1025 2288 1128 2339 sienne
1147 2285 1267 2370 igiorni
1284 2287 1348 2357 quei

201 2383 287 2453 mni
303 2382 333 2439 di
351 2388 427 2441 terre
444 2384 609 2456 nell’eoqnn
621 2398 638 2440 ι
650 2384 753 2441 oeiere.
766 2383 853 2440 Foree
866 2384 1063 2456 rinpondereie
1081 2384 1136 2441 ohe
1155 2386 1185 2440 in
1204 2402 1242 2441 nn
1261 2402 1349 2456 grano

199 2498 262 2541 non
279 2486 297 2541 ἐ
313 2498 383 2557 peno
400 2484 547 2552 nonnihilo,
566 2483 620 2541 nire
638 2484 734 2556 peroio
753 2499 812 2540 non
830 2486 886 2554 pud
910 2485 1025 2543 vincere
1044 2486 1065 2541 ii
1085 2486 1201 2542 mezzo?
1219 2484 1244 2541 Ε
1262 2487 1290 2541 io
1309 2502 1350 2541 re

198 2586 287 2661 fleo,
299 2586 477 2645 omnemne
494 2587 514 2644 ii
532 2601 600 2657 peso
619 2587 662 2641 sie
680 2585 808 2648 minimo,
826 2585 862 2641 nd
881 2585 947 2655 ogni
967 2586 1051 2642 modo
1070 2586 1090 2641 ii
1108 2602 1178 2656 peno
1197 2587 1227 2641 in
1243 2586 1348 2657 ispeoie

197 2686 256 2745 dii
273 2686 432 2745 nedeeimo
448 2686 479 2741 in
498 2702 537 2742 nn
556 2700 646 2757 grano
663 2685 718 2742 ohe
735 2685 766 2741 in
784 2700 824 2741 nn
842 2689 941 2741 monle
958 2685 988 2740 di
1008 2690 1093 2753 terro,
1112 2684 1195 2742 eoire
1210 2687 1278 2757 perd
1291 2701 1347 2740 non

196 2788 347 2859 medo
363 2786 499 2849 i'eiieiio
516 2786 588 2842 olon
605 2787 623 2842 ὸ
640 2786 813 2856 le'eogiono.
829 2784 927 2841 liireie
943 2784 1018 2843 forse
1030 2783 1084 2843 ohe
1098 2787 1209 2857 pnrieie
1219 2787 1264 2843 dei
1279 2802 1346 2857 peso

195 2888 324 2947 aduro
340 2904 359 2945 e
376 2904 434 2945 non
452 2887 527 2944 delio
545 2887 677 2958 speciale.
696 2885 761 2942 Eio
772 2886 908 2958 rinpondo
925 2886 954 2941 di
972 2887 1030 2956 pii,
1043 2885 1098 2943 ebe
1116 2891 1217 2958 qnesio
1228 2888 1346 2943 eerebbe

194 2988 517 3047 ammonerent·
534 2988 668 3045 delirine.
687 2986 767 3044 Oiire
784 3002 801 3043 n
819 2988 864 3043 oid
883 2987 908 3043 ei
928 2986 1051 3055 verifice,
1071 3002 1152 3043 come
1163 2988 1227 3043 dice
1239 2987 1346 3042 Aristo·

196 3088 271 3159 Uo,
287 3088 344 3147 ohe
361 3105 402 3145 nn
419 3104 506 3158 eorpo
523 3088 572 3159 piir
590 3088 697 3157 grande
714 3087 862 3153 deii'nliro,
881 3086 955 3141 delio
975 3084 1131 3142 medeeimn
1149 3088 1268 3149 nature,
1286 3086 1346 3141 onia

197 3184 312 3252 niem
330 3190 381 3261 piir
397 3190 608 3255 veiooemenie3
624 3186 726 3258 poiche
744 3187 863 3243 nerebbe
881 3186 917 3241 do
935 3186 981 3241 voi
1001 3185 1157 3241 ooneodnio
1170 3184 1283 3241 elmeno
1296 3201 1346 3255 per

301 3290 376 3348 delia
394 3304 534 3361 provenze
551 3290 684 3346 neeoinie.
701 3286 764 3344 Non
783 3290 878 3357 polein
897 3285 944 3355 gii
955 3285 1000 3340 dir
1012 3284 1067 3341 ohe
1083 3286 1148 3356 quel
1162 3300 1250 3356 grano
1264 3285 1345 3340 ebbio

197 3392 277 3455 nol·
294 3408 348 3449 nor
364 3390 575 3462 compositione
593 3390 642 3461 piri
659 3388 719 3445 erin
738 3387 813 3444 delio
831 3386 914 3448 zoile,
933 3383 1038 3455 porcine
1056 3383 1085 3439 io
1102 3384 1131 3441 vi
1150 3384 1210 3440 iord
1229 3384 1345 3455 pigliere

196 3494 233 3551 in
248 3494 344 3567 quiin
362 3508 432 3551 veen
449 3491 585 3558 don’om,
604 3490 684 3547 nocio
701 3488 727 3545 ei
744 3488 802 3544 ieri
820 3488 847 3542 in
861 3486 1010 3541 oeomione
1023 3485 1069 3541 dei
1087 3484 1229 3541 cavillare.
1242 3483 1283 3542 Nd
1299 3486 1344 3540 voi

195 3576 307 3651 &erre
333 3590 389 3649 nire
415 3592 481 3648 dere
508 3588 694 3661 proportione
712 3586 740 3642 di
759 3600 909 3657 npessezrn
928 3590 971 3641 ire
987 3585 1008 3640 il
1026 3599 1115 3655 grene
1131 3601 1149 3640 e
1167 3584 1194 3639 ie
1211 3586 1302 3647 zoile,
1325 3587 1343 3639 ii

194 3706 290 3767 nno
308 3709 367 3751 non
385 3690 459 3749 iosoe
478 3693 508 3747 in
527 3689 637 3759 gravior
654 3689 755 3759 egneie
772 3688 827 3744 elle
839 3688 920 3755 zolio,
933 3702 951 3742 e
965 3686 1140 3743 nondimeno
1153 3685 1173 3740 ii
1185 3701 1273 3755 grano
1285 3688 1344 3741 onie
1424 3764 1427 3771 Ι

197 3794 251 3869 ᾖ
270 3796 363 3853 mdo.

202 3912 207 3917 ·
287 3896 493 3955 iiiiimemenie
505 3896 674 3951 ricorrerele
692 3892 737 3951 voi
754 3894 808 3948 elie
827 3890 925 3962 figure,
945 3889 999 3947 ohe
1017 3905 1069 3961 per
1084 3904 1163 3945 eseer
1182 3886 1229 3957 piri
1256 3886 1342 3955 large,

193 3992 271 4051 dove
286 3992 306 4049 d
322 3992 372 4063 piri
390 3992 519 4059 mewrie,
536 4006 623 4063 opere
641 3990 730 4047 ooieie
748 3988 864 4046 edotio?
882 3988 985 4058 Signor
1003 4003 1056 4054 no,
1077 3983 1182 4057 perebo
1201 3984 1345 4039 dovrehbo

194 4092 311 4164 nguine
327 4094 350 4149 ii
366 4094 509 4150 oonirnrio
526 4094 575 4164 piir
594 4096 676 4154 inste,
693 4107 710 4148 e
728 4092 802 4148 bene
820 4091 854 4146 ed
874 4090 940 4159 ogni
959 4089 1042 4145 modo
1054 4086 1178 4142 avrebbo
1192 4086 1270 4140 delio
1282 4084 1343 4139 Ari·

195 4192 301 4261 rioiiie,
321 4192 430 4265 perone
446 4195 570 4251 i'eiieiio
588 4192 631 4249 nie
650 4207 718 4250 vero
735 4208 816 4249 come
834 4193 860 4247 d.
881 4190 930 4247 Mn
950 4190 1070 4258 bisogna
1090 4188 1131 4243 ier
1147 4185 1342 4257 l’enporienze.

200 4295 314 4365 nodo
330 4294 447 4367 pigiinie
464 4294 484 4350 il
502 4309 596 4365 corpo,
615 4293 725 4350 benedi
743 4293 854 4373 minore
867 4291 897 4345 di
913 4288 1035 4362 quelche
1053 4287 1221 4359 grandem,
1240 4286 1272 4342 in
1287 4287 1344 4341 ino·

199 4392 249 4463 nii
264 4396 340 4455 renni
366 4396 436 4464 elii,
456 4396 534 4452 ereio
551 4393 604 4451 cire
623 4396 650 4451 ie
667 4394 821 4451 diderenzn
840 4391 882 4447 sie
899 4391 1053 4458 sensibile3
1072 4388 1126 4445 che
1146 4388 1215 4460 perd
1234 4404 1291 4445 non
1317 4388 1342 4441 si
