3104 5168
477 431 495 475 i
521 428 671 476 vraesazo
693 430 724 475 or
747 428 870 477 oaazra.
1192 412 1257 479 ote

91 571 177 617 aneo
198 553 326 617 iussero
349 552 522 634 angolari,
546 557 712 615 sostenere
736 552 746 613 i
772 550 870 614 solidi
894 552 1048 625 natanti,
1077 552 1181 615 moito
1203 547 1259 634 piri

92 660 147 728 oio
169 655 332 747 aeeadera
356 661 443 724 detta
467 661 621 743 maggior
643 655 798 741 quantita
819 659 924 727 ffl’aria
946 677 1118 742 eompresa
1139 660 1256 726 dentro

92 774 158 856 agii
183 772 338 854 arginetti
362 771 553 843 incurvati;
577 770 662 833 onde
685 770 713 832 si
737 769 768 832 ia
789 769 964 834 manifesto
997 771 1059 834 ohe
1088 770 1110 833 ii
1143 770 1261 852 Signor

91 883 222 957 Grazia,
244 888 369 962 quanto
390 876 444 960 pio
469 897 566 944 cerea
587 881 620 943 ‹li
645 880 858 960 sviiupparsi,
884 875 940 961 pio
964 879 1134 960 s'intriga.

180 991 419 1058 Cominciando
441 990 465 1052 il
490 989 556 1071 Sig.
581 987 700 1055 Grazia
724 1006 744 1051 a
768 1007 900 1069 esporre
924 990 947 1052 ii
974 995 1059 1054 testo
1082 991 1114 1053 di
1131 992 1261 1056 Aristo,-

92 1100 160 1174 tile‚
183 1101 290 1165 sorive
306 1116 327 1163 a
343 1099 425 1163 iaco.
441 1099 528 1164 228:
549 1098 606 1165 Mo
627 1099 653 1162 te
675 1102 775 1181 floore
795 1117 859 1163 ooo
885 1117 964 1163 sono
986 1117 1081 1163 oooso
1106 1100 1153 1163 det
1170 1119 1262 1164 moo-

92 1213 177 1275 oersi
200 1208 443 1291 respiramenta
476 1229 495 1272 o
525 1208 636 1273 insito
659 1207 777 1288 isoio:
800 1225 852 1271 mo
887 1206 934 1270 dei
964 1206 1022 1289 piat
1051 1206 1135 1272 tardi
1162 1226 1181 1271 o
1204 1207 1263 1289 pisi

93 1319 189 1382 veloce
211 1337 254 1382 eo.
277 1316 481 1400 Seguitando
504 1318 557 1398 poi
579 1316 611 1379 d'
627 1316 871 1397 interpretario,
893 1317 967 1380 dice
990 1317 1052 1379 ohe
1077 1318 1110 1380 la
1133 1317 1262 1382 dizione

92 1428 332 1509 sempiicomeote
355 1426 384 1489 si
409 1422 475 1507 piro
493 1426 716 1508 eongiognere
738 1424 826 1488 colia
849 1425 983 1490 dizione
1006 1429 1153 1508 oaorem
1174 1426 1261 1491 oolla

92 1539 222 1601 dizione
245 1554 350 1608 some.
373 1552 392 1599 e
413 1534 501 1599 cotia
523 1535 653 1599 dizione
674 1536 859 1606 moooersir
882 1540 968 1599 tutte
990 1536 1021 1598 lo
1043 1535 1134 1616 quali
1168 1553 1262 1618 espo-

91 1647 206 1710 siziooi
231 1647 305 1710 dise
326 1662 416 1709 esser
448 1645 644 1719 verissime,
666 1661 685 1706 e
707 1644 810 1706 niuoa
835 1643 878 1706 di·
892 1661 965 1708 essa
997 1661 1183 1726 repugnare
1216 1645 1260 1709 ad

91 1754 283 1826 adsimile,
309 1751 351 1818 oe
373 1754 439 1818 aila
462 1761 584 1817 natura
607 1753 639 1816 di
664 1753 775 1834 quello
797 1754 859 1816 ohe
879 1755 907 1818 si
931 1761 1055 1829 tratta;
1086 1755 1107 1818 11
1137 1757 1199 1819 ohe
1227 1773 1263 1821 se

92 1863 142 1926 sia
165 1880 246 1927 voro
266 1879 289 1926 o
310 1861 417 1938 falso,
438 1882 457 1926 e
480 1861 670 1926 iavoreroie
703 1879 725 1925 o
761 1861 999 1944 pregiudioiaie
1021 1863 1089 1926 atta
1115 1864 1262 1929 dottrina
1333 1875 1335 1878 ’

93 1970 127 2034 (11
144 1972 325 2046 Aristotiie,
342 1971 532 2036 iaciimonte
551 1971 578 2034 si
599 1967 665 2052 puo
688 1971 815 2033 vedere.
835 1969 1047 2052 imperoocie
1064 1989 1099 2036 se
1110 1973 1165 2037 noi
1181 1992 1263 2039 oon·

93 2081 271 2144 sideriamo
294 2082 326 2145 ia
349 2081 509 2162 partiooia
533 2079 778 2161 semoiicemeate
806 2096 825 2141 e
853 2081 887 2144 la
921 2081 1082 2160 particoia
1105 2100 1173 2157 mo,
1196 2100 1262 2151 noo

92 2188 111 2253 e
133 2189 257 2254 dubbio
275 2191 347 2255 ‘ohe
368 2191 477 2272 queiia
501 2191 545 2253 ha
566 2194 687 2280 natura
710 2189 744 2252 di
769 2191 954 2271 ampliare,
977 2208 996 2255 e
1021 2209 1080 2272 per
1101 2188 1170 2258 cosi
1192 2193 1262 2256 dire

92 2298 126 2363 di
139 2299 451 2383 universaieggiare
464 2317 482 2362 e
493 2305 610 2380 questa
622 2299 655 2362 di
668 2302 819 2363 coartare
832 2316 850 2361 e
862 2299 1259 2383 particolareggiare.0ra

93 2423 128 2469 se
150 2408 403 2491 congiugoendo
428 2410 459 2472 ia
482 2409 611 2473 dizione
633 2410 878 2488 remptioemeote
893 2410 977 2474 eoiie
998 2410 1105 2494 figure
1120 2413 1147 2476 si
1166 2408 1260 2478 dira:

92 2513 123 2576 le
146 2513 252 2597 figure
275 2517 540 2597 semptioemente
564 2534 629 2580 oon
648 2534 729 2581 sono
747 2535 847 2581 cause
863 2534 933 2592 eo.;
954 2535 1010 2600 por
1032 2527 1185 2584 eoortaro
1215 2523 1260 2589 td

94 2627 319 2707 proposiziono
336 2628 363 2690 si
382 2623 505 2691 dovera
523 2627 615 2691 dire:
632 2645 698 2692 non
717 2627 748 2690 ie
763 2627 869 2710 figure
886 2629 1153 2709 sempiioemente
1170 2648 1262 2711 prese

90 2752 172 2799 sono
194 2753 296 2801 oause
313 2754 374 2811 eo,
389 2753 445 2800 ma
475 2736 504 2798 ie
528 2737 633 2818 figure
656 2737 691 2799 in
715 2738 781 2801 tale
803 2754 825 2800 o
849 2737 894 2800 tal
911 2738 1008 2803 modo
1023 2739 1262 2814 condizionate‚

90 2860 194 2915 come,
219 2863 250 2908 v.
275 2863 335 2926 gr„
358 2845 388 2907 le
413 2844 544 2926 giobose
567 2862 673 2908 enon
699 2845 729 2907 ie
753 2845 859 2924 piane,
885 2845 916 2907 le
936 2846 1092 2910 circoiari
1112 2865 1212 2910 enon
1233 2847 1262 2911 ie

91 2950 238 3014 triiatere
254 2968 315 3027 eo,
330 2969 466 3027 osvero,
490 2969 555 3015 non
572 2952 602 3015 ie
621 2953 741 3034 figure,
763 2971 858 3016 come
875 2953 981 3036 figure
996 2956 1263 3035 sempliceroente

91 3059 133 3121 ed
157 3060 192 3122 io
214 3066 365 3135 astratto‚
389 3078 441 3124 ma
465 3062 496 3125 le
519 3062 627 3145 figure
650 3064 830 3145 congiuoie
853 3080 916 3127 eon
936 3066 1073 3127 materia
1093 3065 1259 3143 sensibile:

90 3167 132 3230 ed
154 3168 189 3230 io
213 3165 343 3234 somma
367 3171 478 3252 queiio
496 3172 558 3236 ohe
581 3188 681 3254 segue
705 3174 791 3253 dopo
808 3171 840 3235 la
861 3173 1065 3237 iimitazione
1082 3174 1166 3238 della
1186 3192 1263 3255 par·

91 3280 191 3343 tiooia
214 3297 286 3354 mo,
309 3280 369 3346 dee
392 3299 491 3346 avere
514 3282 673 3364 riguardo
705 3301 726 3346 a
760 3281 870 3362 quello
893 3281 955 3344 ohe
984 3281 1072 3345 daila
1102 3283 1263 3363 partiooia

90 3391 331 3471 sempticemeots
353 3410 409 3455 era
435 3399 523 3456 stato
546 3392 716 3473 ampliato.
740 3392 768 3456 E
790 3387 858 3455 cosi
879 3409 913 3454 se
928 3391 955 3454 si
972 3393 1214 3473 congiugnesse
1228 3391 1262 3456 ia

90 3499 220 3563 diziooe
241 3501 484 3582 semotieemeote
512 3500 600 3565 oolie
622 3517 747 3575 cause,
769 3495 797 3562 si
820 3498 882 3563 che
905 3498 1049 3563 iiseoso
1072 3500 1158 3563 delia
1187 3517 1263 3581 pro-

90 3609 257 3689 posizione
280 3612 501 3691 importasse:
521 3611 552 3674 le
575 3611 682 3692 figure
697 3627 763 3674 non
782 3627 863 3673 sono
878 3626 979 3673 cause
997 3610 1263 3692 semplieemeote

92 3718 143 3782 dai
167 3721 335 3784 muoversi
354 3738 417 3795 ec.;
437 3720 661 3802 ristrigaendo
683 3720 707 3783 ii
732 3720 952 3800 pronunziato
975 3721 1002 3782 si
1031 3720 1168 3785 doveria
1192 3719 1262 3783 dire

90 3827 124 3890 in
148 3844 194 3890 uo
218 3827 264 3890 tal
288 3829 410 3892 modo:
435 3828 465 3890 ie
487 3827 593 3910 figure
617 3844 683 3892 non
707 3843 791 3890 sono
814 3844 916 3890 cause
939 3827 1204 3907 semplieemente
1222 3827 1262 3889 ed

89 3937 349 4001 assolutamente
374 3955 436 4013 eo,
453 3955 509 4001 ma
529 3954 610 4001 sono
629 3954 730 4001 cause
747 3954 804 4017 per
820 3936 992 4000 accidente
1010 3933 1203 4015 oadjutriei
1214 3951 1263 3998 eo.

88 4047 293 4110 Finaimeote
316 4047 449 4127 quando
473 4048 504 4110 la
531 4047 690 4128 partieota
713 4046 955 4130 sempiioemeate
975 4045 1001 4108 si
1021 4043 1261 4125 congiugnesse

88 4157 141 4220 eoi
158 4158 355 4230 muoversi.
379 4154 405 4221 si
429 4158 492 4220 che
517 4157 548 4220 ta
573 4157 799 4238 proposizione
823 4171 979 4219 sonasset
1009 4153 1038 4216 ie
1062 4152 1168 4233 figure
1195 4167 1260 4214 noa

88 4280 170 4328 sono
190 4282 292 4329 cause
314 4265 366 4330 del
387 4266 554 4330 muoversi
575 4266 877 4348 sempiioementee
897 4248 1182 4336 assolutamente}
1204 4280 1262 4343 per

87 4356 297 4438 limitatur
321 4377 628 4460 soggiugnerebbo:
665 4394 719 4440 ma
753 4390 834 4439 sono
867 4392 968 4439 eause
1005 4374 1057 4437 dei
1093 4375 1260 4440 muoversi

88 4480 185 4546 tortio
205 4498 228 4548 o
249 4485 364 4550 veloee
388 4501 438 4548 eo.
462 4484 576 4551 Stante
598 4489 712 4566 queste
735 4501 834 4562 cose,
858 4502 893 4548 se
917 4484 940 4547 it
964 4483 1034 4566 sig.
1056 4482 1176 4549 (traria
1195 4501 1261 4550 aon
