3104 5168
195 401 262 466 568
645 412 911 459 nrsruern

196 557 253 621 per
286 555 347 600 sun
381 542 504 622 natura
538 533 778 615 gaiieggiasse,
800 531 940 595 andnuee
963 532 1015 613 poi
1041 533 1074 594 in
1098 529 1203 595 fondo
1240 528 1366 611 quando

194 646 321 711 e'iusse
345 647 441 727 pieno
463 644 495 706 di
521 659 643 724 aequat
666 659 685 705 e
709 642 876 706 stimandn
899 641 961 706 ebe
985 641 1071 706 ierne
1098 643 1139 706 'ia
1164 641 1295 706 aionon
1317 660 1367 724 po

198 763 281 820 tesse
305 771 418 819 essene
435 753 565 818 invaisa
589 752 757 816 contraria
780 751 947 834 opinione,
969 768 1027 835 per
1048 767 1134 816 aver
1157 753 1291 816 reduto
1313 751 1369 814 tai-

197 865 287 929 voita
310 879 376 926 uua
401 864 502 927 barea
536 859 776 941 ueli’empierei
801 859 835 924 di
857 845 963 943 nequa
1000 860 1235 943 pronuntiarat,
1270 877 1368 924 arem

194 969 249 1036 nib
284 972 458 1035 attribuito
482 970 546 1034 aila
571 970 666 1052 eopia
690 968 741 1033 dei
766 969 875 1046 ierne,
900 969 961 1036 ebe
985 971 1072 1035 neiia
1095 988 1163 1035 sua
1187 976 1324 1035 teriora
1346 972 1367 1033 si

198 1085 387 1149 ritmvava:
411 1099 466 1144 ma
489 1081 514 1144 ii
534 1081 600 1163 Sig.
617 1079 749 1155 Grauia,
767 1079 908 1145 volendo
924 1096 987 1162 pur
1000 1086 1200 1145 mauteuere
1218 1096 1368 1161 pervere

198 1194 221 1257 ii
247 1194 353 1274 primo
376 1192 489 1266 detto,
513 1191 621 1257 serim
644 1188 710 1254 alia
732 1189 816 1255 ineo.
838 1187 902 1255 198
925 1206 991 1255 uon
1012 1186 1155 1254 eretiere
1191 1187 1367 1254 altrimenti

195 1299 257 1364 ebe
277 1300 334 1364 tati
353 1298 542 1363 ferramenti
560 1298 692 1379 pessino
706 1312 815 1363 msere
826 1297 970 1363 bastanti
987 1297 1192 1363 aeaoeiaria
1208 1297 1248 1362 in
1260 1295 1366 1360 ionio:

197 1403 386 1490 impereeobi
410 1405 433 1469 ii
456 1405 545 1485 iepno
568 1407 585 1470 e
608 1414 698 1471 toute
719 1405 777 1488 piei
800 1405 933 1486 ieppiero
949 1403 1145 1487 (latineque,
1169 1406 1230 1469 cite
1243 1405 1366 1487 punse

197 1525 318 1578 itenere
341 1532 434 1595 sopra
457 1513 487 1575 di
510 1530 578 1576 etro
601 1514 694 1579 meite
720 1531 815 1596 peto,
838 1530 922 1578 eume
945 1514 974 1576 ri
996 1500 1151 1577 elimontem
1187 1512 1241 1576 ne·
1252 1513 1366 1594 soum,

197 1622 242 1686 de*
255 1621 342 1703 puaii
354 1622 392 1684 ui
414 1622 579 1685 remmono
602 1620 645 1701 pii
668 1623 788 1685 anticio·
806 1623 841 1684 in
860 1619 982 1686 cambio
1006 1621 1038 1685 rii
1057 1622 1212 1702 noviper
1229 1622 1365 1702 trophet·

197 1741 263 1795 tare
288 1731 313 1794 ie
337 1730 512 1795 mereonzie
535 1730 576 1794 do
600 1730 691 1812 iuopo
714 1749 733 1794 o
757 1730 865 1811 luppo,-
888 1729 931 1794 ed
949 1730 975 1794 ii
995 1726 1181 1795 metieeimo
1197 1729 1364 1796 conferma

195 1842 260 1924 egii
272 1841 358 1905 'coil'
371 1841 558 1922 esperienza
583 1839 614 1906 di
637 1840 760 1904 barnbe
783 1838 866 1903 fatte
889 1856 986 1904 senza
1003 1837 1211 1912 ferramenti,
1233 1837 1266 1901 ie
1285 1837 1365 1921 quain

196 1952 321 2032 ripieoe
344 1951 376 2014 di
397 1967 504 2031 aequa
529 1950 579 2013 nei
605 1950 757 2015 Danubio
776 1951 802 2014 si
824 1947 1036 2032 proiondnun.
1059 1948 1116 2012 Ma
1136 1947 1255 2031 parmi
1274 1945 1334 2010 obe
1347 1945 1365 2008 ii

196 2061 262 2143 Sig.
280 2061 401 2126 Grazia
424 2060 448 2123 s'
462 2055 599 2142 ingenui
622 2060 657 2123 iu
682 2059 775 2122 moiti
798 2059 891 2140 oapi:
910 2076 930 2121 e
947 2057 1051 2140 prima
1069 2055 1079 2118 i
1097 2054 1202 2136 tegni.
1220 2053 1366 2135 de'qurii

195 2172 223 2236 ei
247 2178 444 2236 contessono
467 2171 478 2234 i
503 2169 618 2244 moeri,
641 2186 722 2233 sono
744 2166 1024 2232 ordinariameute
1043 2164 1130 2230 abeii
1156 2181 1178 2227 e
1201 2163 1310 2229 eimiii
1325 2163 1365 2225 ie·

195 2280 251 2361 gni
284 2272 431 2360 leggieri,
456 2279 507 2341 dei
532 2277 622 2358 quali
654 2294 718 2340 nou
743 2277 770 2340 si
795 2274 988 2340 iabbrioano
1011 2269 1145 2347 burabe,
1173 2289 1231 2337 rua
1258 2288 1318 2354 per
1339 2272 1365 2335 iu

196 2384 253 2470 pm
277 2389 303 2450 si
330 2387 428 2450 ranno
452 2386 485 2450 u
510 2384 589 2467 put,
613 2387 646 2452 n
672 2387 779 2451 raven
804 2402 824 2449 a
845 2368 880 2451 ni
903 2383 1225 2467 queamugnama
1248 2391 1304 2449 aa
1326 2383 1364 2467 gu

194 2495 270 2560 altri
308 2495 409 2559 moitn
445 2497 555 2578 gravi:
584 2496 619 2559 iu
646 2495 730 2560 oitre
757 2512 792 2560 ee
818 2495 846 2561 ei
877 2489 1080 2578 paragoueri
1105 2493 1127 2557 ii
1154 2494 1364 2577 iepbametii

196 2620 262 2665 uua
287 2604 399 2673 barca,
423 2622 441 2664 e
466 2601 489 2665 ii
513 2620 590 2683 peso
614 2603 676 2667 ebe
699 2603 763 2669 elio
788 2608 894 2685 porta,
924 2602 975 2667 coi
1007 2601 1159 2684 lemme
1180 2603 1217 2666 oi
1243 2620 1293 2668 ua
1321 2602 1364 2668 tn-

194 2712 273 2773 dero
297 2729 314 2771 e
338 2712 388 2773 coi
413 2728 490 2790 peso
513 2712 574 2775 obe
597 2715 691 2776 vieno
728 2719 856 2792 portato
880 2714 920 2777 ria
944 2712 1075 2794 quello,
1111 2713 1138 2776 si
1177 2709 1289 2778 venri
1320 2714 1362 2778 ia·

194 2819 346 2882 eiimente
380 2818 442 2881 obe
476 2828 573 2883 cento
607 2822 690 2884 trnvi
723 2827 870 2884 conteste
898 2820 931 2884 in
957 2837 1001 2883 un
1025 2818 1137 2882 fodero
1161 2837 1232 2885 uon
1259 2829 1362 2903 porie·

194 2944 298 2990 ranno
329 2934 420 2989 tantu
456 2945 532 3009 peso
566 2936 690 3009 quanto
715 2946 782 2992 una
804 2931 902 2993 berea
926 2928 1108 2992 iabbrieata
1132 2928 1187 2991 dei
1213 2928 1363 3012 inguenne

195 3040 227 3103 di
257 3040 341 3102 dieei
368 3039 451 3101 deiie
487 3040 666 3104 nredesime
702 3040 810 3111 trani,
845 3039 930 3102 unde
962 3039 1103 3101 rimossa
1138 3036 1250 3103 i'aria
1282 3039 1363 3103 daila

193 3150 301 3227 barca.
315 3145 386 3239 oieb
404 3149 586 3231 empiutaia
605 3149 635 3211 d’
648 3165 765 3229 acqua,
782 3165 863 3228 pono
881 3165 957 3228 peso
978 3141 1073 3228 petra
1088 3163 1229 3228 reggere
1253 3147 1288 3210 ia
1305 3165 1361 3211 sua

194 3274 275 3338 poca
297 3253 449 3339 quantita
472 3257 523 3320 dei
549 3260 712 3338 legname3
737 3257 759 3320 ii
783 3250 956 3337 quale,'se
980 3257 1012 3318 di
1038 3253 1092 3337 piri
1117 3250 1199 3318 saria
1231 3257 1286 3320 dei
1310 3252 1362 3339 piu

193 3370 286 3449 pravi
313 3386 368 3448 per
394 3374 535 3440 natura,
569 3384 687 3431 manco
712 3383 789 3447 peso
813 3360 908 3447 putre
932 3371 1110 3429 sostenere:
1134 3364 1227 3428 unde
1250 3366 1362 3430 benis·

193 3476 277 3538 simo
301 3476 328 3536 si
354 3471 419 3554 pub
443 3477 611 3539 intendere
635 3473 696 3537 ebe
720 3475 897 3556 l’esempio
924 3474 1089 3538 de’ioderi
1113 3469 1133 3535 ὲ
1157 3492 1219 3554 per
1244 3475 1361 3557 duppin

194 3583 329 3664 ragione
353 3583 516 3646 tiisettoso.
540 3586 672 3661 Quanto
697 3586 749 3666 poi
774 3587 839 3650 alie
860 3587 982 3650 barebe
1010 3586 1061 3650 dei
1093 3586 1275 3661 Danubio,
1299 3605 1360 3652 non

191 3693 221 3756 ci
248 3690 431 3754 manoaodo
453 3691 502 3752 de'
517 3692 601 3773 legni
626 3690 694 3757 nusi
720 3696 823 3776 gravi,
848 3696 909 3758 ebe
932 3712 989 3776 per
1014 3695 1083 3757 iuro
1108 3699 1232 3759 natura
1252 3714 1359 3760 vaano

192 3801 222 3864 ai
248 3798 361 3872 fondo,
386 3795 461 3862 sara
484 3802 670 3864 necessarie
695 3801 794 3888 (data
820 3806 850 3868 in
876 3799 985 3869 verit'a‘
1005 3803 1055 3867 dei
1083 3800 1188 3888 santo)
1216 3808 1280 3869 ebe
1303 3806 1355 3868 tali

192 3910 314 3974 barobe
338 3911 428 3972 siene
452 3909 484 3973 di
509 3909 610 3972 simili
635 3911 722 3994 iegni
741 3914 931 3977 iabbrioate

279 4021 414 4102 Seguitn
450 4019 502 4100 poi
531 4019 554 4081 ii
578 4020 644 4102 Sig.
669 4020 787 4086 Grazia
814 4024 888 4086 oeil’
902 4025 1019 4087 istesso
1043 4024 1141 4102 luogo
1166 4024 1201 4086 in
1229 4020 1355 4088 nonien-

192 4126 340 4188 mazione
364 4126 415 4189 dei
440 4125 529 4188 detto
552 4125 586 4188 di
610 4145 725 4209 supra:
750 4127 834 4191 Anzi
852 4131 892 4193 bo
905 4132 1128 4211 operimentum
1147 4130 1179 4192 ie
1196 4131 1257 4192 ebe
1271 4146 1358 4211 prmo

191 4256 236 4298 un
259 4252 333 4298 uano
357 4234 389 4295 ai
413 4232 513 4312 tenuo,
537 4252 553 4298 e
576 4239 708 4301 meesoui
730 4237 840 4302 dentre
863 4246 951 4302 tauto
971 4236 1096 4318 piombo
1120 4236 1173 4298 eiu
1197 4237 1359 4302 ridueoii

191 4362 265 4405 auso
304 4340 533 4422 oti'equiiibrio
567 4343 770 4428 deit'oepuu.
813 4346 875 4430 epii'
907 4347 1027 4426 ripieno
1063 4343 1212 4424 o’oequu
1248 4363 1283 4410 ue
1321 4365 1358 4410 ne

189 4446 293 4513 uterino
316 4448 453 4531 offendo,
472 4470 487 4513 e
503 4463 597 4518 uuoto
619 4451 740 4520 reniero
762 4475 783 4521 o
806 4457 898 4537 polio.
923 4452 971 4520 Ni
995 4456 1022 4518 si
1042 4449 1106 4536 pub
1130 4453 1289 4534 repit'eore
1303 4458 1359 4520 ebe
