3104 5168
200 383 265 447 25⁴
643 401 904 447 naseosra

199 522 284 585 daiie
308 525 372 586 mie
394 525 532 604 rispcstc
555 524 742 604 particolari
767 524 797 586 ia
822 523 995 587 deboiezza
1012 522 1098 585 deiie
1124 522 1177 586 ior
1204 524 1360 591 instanzr.

200 649 255 714 per
278 633 309 696 ia
331 633 428 713 quaic
451 637 543 696 tanto
566 629 623 714 piri
646 633 881 719 irragionevoii
904 633 932 696 si
956 648 1147 714 scucprono
1169 632 1206 695 le
1232 633 1360 696 morda-

198 736 275 815 cita,
298 742 359 804 che
381 743 416 805 in
434 742 632 825 campagnia
646 741 679 805 di
696 742 802 823 quelic
826 742 849 805 ii
873 736 929 824 piri
947 742 1032 831 deiic
1051 743 1143 806 voite
1160 742 1191 806 si
1210 741 1359 825 leggono.

198 866 216 911 e
239 850 273 912 in
296 865 520 930 conseguenza
540 848 688 914 rodendo
706 856 830 930 quanto
847 849 866 913 i’
879 850 1156 935 isiacaepunture
1176 849 1218 915 in
1233 849 1288 915 ior
1301 866 1366 913 me·

200 957 316 1020 desimi
331 972 392 1020 con
412 973 493 1040 gran
518 958 653 1040 ragione
674 958 702 1022 si
726 975 843 1040 posson
867 959 1036 1034 ritorcere,
1059 957 1163 1034 forse,
1187 960 1248 1025 coi
1270 960 1365 1024 scntir

199 1065 231 1127 in
256 1060 290 1128 se
311 1065 406 1129 stessi
429 1065 462 1128 la
485 1065 640 1130 maritata
661 1065 762 1130 otiosa
785 1066 834 1131 dc’
846 1066 897 1130 ior
920 1066 1029 1146 propri
1055 1067 1175 1141 morsi,
1211 1066 1361 1133 s'acccrb

199 1191 344 1256 geranno
370 1180 493 1255 quanto
529 1175 594 1238 mal
623 1192 794 1259 consenga
827 1174 956 1240 lacerar
984 1176 1317 1243 immerimrameme
1345 1174 1363 1236 ii

198 1284 368 1364 pressino,
392 1284 426 1345 in
449 1284 656 1364 ricompensa
678 1283 753 1347 deii’
766 1285 883 1349 esscrsi
906 1283 1076 1349 aifaticato
1104 1302 1168 1367 per
1194 1284 1363 1370 tras-giiii

197 1407 321 1463 errore;
344 1408 362 1452 e
386 1408 442 1471 per
466 1390 656 1455 i’avvcnirc
677 1393 711 1456 in
736 1392 819 1457 altre
841 1394 912 1458 ioro
935 1393 1091 1458 scrittnre
1108 1395 1138 1458 si
1156 1393 1359 1458 ridnrranno

198 1515 217 1558 a
242 1497 372 1560 termini
396 1494 453 1578 piii
475 1499 596 1563 cortesi
619 1517 637 1561 c
660 1501 776 1564 adorni
799 1502 832 1565 di
856 1501 967 1582 qnciia
1001 1499 1183 1577 modestia,
1208 1502 1277 1566 cire
1305 1500 1363 1565 nai

197 1624 261 1669 non
284 1606 344 1670 dee
366 1607 581 1672 aiiontanarsi
603 1610 646 1672 da
661 1608 716 1673 chi
731 1610 920 1691 contempla
933 1609 1003 1673 scio
1019 1608 1070 1688 pei
1083 1609 1291 1674 santissimo
1306 1608 1363 1673 tint

198 1715 249 1779 dci
275 1718 418 1781 ritrovar
441 1719 464 1780 ii
489 1735 577 1782 vero.
601 1718 628 1782 E
653 1723 745 1782 certo
767 1719 800 1783 io
822 1720 868 1782 mi
887 1736 946 1781 son
970 1717 1071 1780 moite
1094 1717 1192 1781 volte
1219 1718 1361 1782 marari·

198 1827 300 1909 giiato
323 1826 384 1891 che
406 1828 512 1908 questi
538 1828 661 1910 signori
680 1845 744 1891 non
760 1828 881 1891 abbian
902 1842 1073 1906 compreso
1089 1826 1123 1888 di
1145 1832 1282 1907 quanto
1297 1843 1361 1908 pre·

198 1937 344 2019 gindizic
366 1938 458 2001 sieno
479 1937 579 2001 simili
603 1931 790 2019 mordaciti
810 1953 831 1998 a
853 1935 907 2000 chi
932 1936 962 1999 ie
983 1950 1055 1999 usa.
1070 1932 1296 2015 imperoccne
1309 1952 1358 1999 ne·

201 2047 243 2130 gi’
256 2046 452 2124 intendenti,
472 2063 491 2110 e
513 2047 628 2128 capaci
650 2046 736 2111 deiia
759 2045 848 2108 iorra
871 2044 956 2108 deiie
976 2042 1121 2126 ragioni,
1143 2039 1165 2107 ὲ
1188 2043 1358 2109 maniiutc

197 2154 249 2218 cir'
261 2155 323 2217 eiic
345 2172 411 2218 non
433 2137 579 2236 operano
601 2173 679 2219 cosa
702 2156 824 2218 alcuna
839 2154 892 2218 nei
911 2150 1110 2234 persuadere
1125 2152 1228 2221 circa
1244 2155 1278 2219 ia
1297 2170 1356 2219 rna·

197 2264 279 2328 teria
302 2263 335 2329 (ii
359 2263 421 2328 cire
443 2265 472 2329 si
494 2269 610 2339 tratta3
635 2281 654 2327 c
676 2264 726 2329 ne'
739 2281 822 2345 poco
844 2263 1025 2328 intendenti
1043 2261 1170 2329 icvano.
1185 2263 1353 2345 qnali'cpi-

197 2374 294 2436 nione
315 2373 516 2448 tavorevoia
537 2374 570 2438 ia
592 2373 691 2454 quale
708 2372 752 2436 tia
767 2378 884 2454 queam
902 2376 1055 2437 concettc
1073 2372 1239 2453 pomata
1252 2373 1352 2439 d'aru

198 2483 341 2563 risposto
360 2500 380 2545 c
402 2481 633 2546 contradicito
656 2480 811 2562 potrebbe
833 2481 866 2544 in
889 2480 961 2544 loro
983 2477 1102 2543 casensi
1130 2477 1283 2545 destatm
1306 2494 1350 2545 rt·
1372 2500 1388 2515 ··

199 2590 333 2670 pandosi
355 2595 481 2671 quanto
502 2591 527 2655 ii
549 2591 678 2673 pariam
713 2606 734 2653 a
768 2590 919 2671 passione
946 2589 1036 2670 tolga
1056 2587 1093 2653 di
1118 2589 1256 2655 credito
1265 2606 1296 2681 ,ο
1320 2586 1347 2653 ἄ

202 2696 282 2762 iede.
1141 2734 1144 2739 ·

286 2811 341 2874 Ma
366 2809 514 2874 venando
536 2811 568 2874 ai
591 2810 771 2890 particolar
791 2810 843 2875 dei
879 2810 945 2892 Sip.
967 2808 1139 2882 Cotoneo,
1157 2818 1270 2873 'certo
1297 2805 1347 2871 cit

196 2936 258 2999 pur
272 2925 387 3000 troppo
399 2918 682 2984 maniiestamente
699 2921 725 2983 si
741 2937 865 3002 senago,
885 2917 948 2982 circ
963 2917 1149 2998 avena’egit
1164 2922 1343 2983 veram

193 3029 387 3092 conoscinto
409 3029 441 3092 di
464 3046 531 3092 non
553 3030 674 3110 potensi
697 3046 844 3095 avanzar
866 3034 970 3110 punto
988 3044 1145 3108 appresso
1160 3029 1209 3111 gii
1226 3024 1339 3095 nonii

194 3137 390 3213 intendenti,
413 3135 472 3202 s'c
493 3139 616 3203 ritiottc
639 3157 658 3202 a
681 3140 882 3204 contentarsi
905 3138 938 3200 rii
962 3137 1013 3201 iar
1035 3136 1190 3218 acquisit)
1209 3134 1343 3219 ἅμ·

190 3245 253 3308 che
275 3248 435 3327 applauso
458 3245 542 3309 nette
565 3264 701 3329 persono
724 3247 876 3327 vulpach
905 3246 938 3307 la
965 3244 1045 3326 quai
1075 3243 1342 3310 determinatim

191 3354 417 3418 chiaramonte
440 3355 468 3417 si
492 3372 629 3436 senopre
652 3355 742 3437 (tagii
766 3352 888 3434 artifici
922 3351 1051 3433 cir’egli
1075 3369 1140 3416 nsa
1163 3354 1200 3416 in
1225 3348 1341 3419 initoii

192 3480 252 3525 suo
275 3464 437 3537 discorso,
461 3465 472 3526 i
495 3465 597 3544 quali,
621 3462 649 3528 si
671 3481 768 3529 come
789 3458 809 3525 ὲ
831 3461 1034 3543 impossibiie
1058 3461 1120 3524 cim
1136 3458 1341 3527 mttnccht

193 3586 214 3632 a
235 3570 289 3633 ciii
314 3572 445 3634 intende
467 3589 485 3633 e
507 3572 535 3634 ai
560 3573 663 3654 pigiia
685 3572 786 3637 iatica
800 3573 834 3635 di
853 3571 1007 3654 leggerio,
1025 3566 1095 3634 cosi
1114 3578 1341 3652 possonoop·

191 3694 248 3740 rar
269 3677 409 3756 qnaiciic
431 3695 510 3742 cosa
532 3679 566 3741 in
589 3680 733 3743 cattivar
756 3680 801 3761 gii
825 3680 928 3743 animi
952 3678 1001 3741 tie’
1016 3694 1113 3741 meno
1135 3676 1340 3762 intentanti.

190 3803 249 3875 per
269 3784 428 3848 beneficio
450 3787 499 3849 de'
511 3788 602 3868 quali
625 3787 670 3851 ho
692 3788 861 3869 giudicato
893 3805 983 3852 esser
1017 3788 1081 3850 ben
1113 3785 1199 3850 iatto
1224 3788 1258 3853 io
1277 3802 1340 3852 m·

192 3897 294 3978 prisii,
318 3893 412 3960 accio
431 3896 544 3961 iattine
560 3899 665 3978 prima
681 3899 849 3968 avvertiti.
866 3916 1006 3978 possano
1032 3892 1090 3978 pisi
1117 3897 1339 3978 ageraton·

189 4004 401 4068 riconosccrii
425 4004 478 4068 nei
500 4004 572 4067 loro
595 4012 727 4068 autore:
750 4023 769 4067 e
791 4006 835 4069 ho
859 4004 1079 4068 determinato
1111 4005 1144 4068 di
1181 4000 1338 4085 metten!

188 4114 245 4190 qui
268 4113 382 4177 avanti
406 4112 470 4176 aiie
494 4112 684 4192 particolari
703 4113 975 4187 considerazioni,
992 4109 1167 4177 acciocche
1181 4112 1267 4178 detti
1281 4124 1338 4177 m!

190 4221 280 4284 vcita
302 4222 383 4296 scia,
407 4223 452 4285 mi
475 4221 584 4285 levino
608 4222 641 4286 ia
661 4218 823 4286 necessita
846 4223 879 4285 di
903 4222 1067 4301 replicarii
1093 4221 1194 4285 moito
1213 4220 1339 4287 nc’lno·

189 4327 243 4409 ghi
270 4331 472 4410 particolari,
514 4331 665 4413 ne'qnaii
698 4325 830 4395 bastcra
852 4331 1040 4396 accennarii
1069 4348 1126 4412 per
1159 4331 1337 4397 ninom

188 4458 280 4506 come
302 4462 321 4505 a
341 4452 467 4524 ircanto
489 4442 770 4526 imqnoniementc
791 4443 822 4505 ei
846 4459 880 4507 se
899 4460 940 4506 ne
963 4458 1071 4505 serva.

1256 4674 1264 4709 i
