3104 5168
539 382 557 424 A
579 377 726 423 ooooveoo
745 376 845 422 oeeee
864 376 1017 422 coeoooe.
1288 357 1355 426 313

205 515 377 579 perooesa3
401 517 454 562 mo
477 499 682 565 obboseondo
704 517 723 562 e
747 500 980 564 allontanando
1007 517 1026 561 a
1052 515 1132 579 poco
1172 516 1192 561 a
1223 515 1303 579 poco
1337 499 1360 561 11

204 604 380 682 bioohiere,
401 607 510 672 subito
531 607 593 672 ohe
610 608 636 671 si
654 609 768 672 arriva
789 608 822 671 al
846 608 995 680 termine.
1017 609 1101 673 dove
1125 607 1154 669 le
1180 608 1263 688 parti
1288 607 1362 672 de!-

205 714 226 776 1’
239 732 344 796 aequa
366 716 502 780 cadente
525 717 554 781 si
576 717 783 780 cominciano
807 735 825 778 o
847 716 1052 797 disseparare
1080 715 1131 778 fra
1155 717 1187 779 di
1214 716 1303 789 loro.
1334 718 1361 781 si

203 821 368 886 oominoia
390 819 500 885 altresi
524 823 556 886 Ιο
578 823 714 903 εῑτερίῑο
737 822 820 886 defle
843 822 913 887 loro
937 841 1085 903 percosso
1104 841 1200 905 sopra
1219 824 1238 885 Ι’
1252 842 1357 905 acqua

202 935 380 993 eontenute
405 932 457 993 nel
479 932 653 995 bicchiero.
686 934 713 1000 ll
739 931 917 996 medosimo
940 933 1060 1007 effetlo,
1084 933 1114 996 d’
1127 934 1252 997 andare
1274 935 1363 998 solo·

201 1041 312 1100 mente
335 1038 514 1119 perbreve
536 1041 648 1119 spazio
670 1041 869 1122 congium,
892 1041 919 1105 si
956 1040 1038 1105 vede
1062 1041 1146 1104 nesse
1171 1041 1258 1122 parti
1292 1042 1363 1105 del·

207 1145 226 1206 Ι’
240 1162 348 1226 eoque
369 1145 400 1210 d'
414 1164 479 1212 uno
502 1149 656 1228 zampillo
678 1149 739 1212 che
761 1148 837 1212 solti
861 1143 1024 1221 affinem
1050 1148 1094 1212 tal
1118 1150 1201 1221 ohe,
1225 1167 1260 1213 se
1284 1150 1361 1230 quel

198 1271 306 1334 corpo
327 1252 377 1318 ool
399 1255 497 1335 qualo
518 1254 548 1317 le
572 1257 654 1335 parti
680 1274 745 1320 non
779 1257 806 1319 si
842 1261 1062 1337 mantengono
1096 1263 1281 1334 attaooote,
1315 1256 1356 1322 ne

198 1363 514 1428 soambievolmente
537 1366 565 1428 si
588 1381 734 1446 seguono
762 1371 845 1429 tutte
868 1365 969 1430 l'uoa
992 1365 1012 1429 1’
1025 1367 1123 1441 altre,
1147 1383 1212 1431 non
1235 1361 1253 1428 ὲ
1276 1385 1357 1431 oon·

199 1472 307 1545 tineo,
329 1471 351 1535 1’
362 1489 469 1554 acqua
491 1491 590 1537 senza
613 1474 735 1538 dubbio
757 1470 833 1538 saro
857 1475 1113 1539 discontinuata.
1138 1476 1175 1541 ln
1199 1476 1305 1549 olleo,
1330 1479 1360 1539 io

196 1597 267 1645 non
289 1597 326 1643 so
348 1579 392 1645 da
414 1580 504 1661 quali
528 1581 657 1663 regioni
679 1600 700 1645 o
722 1582 952 1665 oonghielture
987 1584 1013 1645 si
1048 1583 1098 1646 sia
1122 1583 1260 1647 lasoialo
1283 1601 1360 1665 per·

197 1691 340 1773 suadere
359 1691 384 1755 11
402 1691 471 1774 Sig.
488 1690 669 1768 Colombo,
691 1691 752 1755 ohe
779 1693 854 1755 [ulti
879 1692 888 1754 i
913 1692 1005 1772 coepi
1029 1692 1091 1754 ohe
1114 1693 1141 1754 si
1167 1692 1360 1756 distendono

196 1801 292 1865 sieoo
312 1801 483 1873 continui,
508 1801 581 1864 anzi
617 1800 662 1864 mi
697 1818 775 1881 pare
802 1801 864 1865 ohe
891 1807 1007 1880 questo
1030 1800 1285 1864 distendimento
1308 1801 1359 1863 sia

196 1908 306 1975 molto
327 1905 383 1990 pio
405 1909 611 1993 inlelligibile
635 1911 668 1973 in
692 1927 736 1973 un
759 1916 929 1991 composto
952 1909 984 1972 di
1010 1911 1094 1991 parti
1120 1909 1272 1983 discrete,
1296 1911 1358 1971 ohe

199 2018 237 2082 io
264 2034 310 2081 un
330 2019 509 2082 oontinuo:
542 2015 661 2099 perche
694 2036 729 2082 se
764 2020 796 2082 io
830 2037 873 2084 vo
906 2019 1144 2082 considerando
1171 2019 1279 2098 quello
1303 2019 1364 2081 eho

195 2125 360 2191 oonvieno
381 2126 443 2189 ohe
465 2126 492 2190 ei
517 2125 620 2189 saooia
653 2131 703 2188 tra
738 2125 768 2188 le
804 2126 887 2206 parti
924 2126 1011 2188 d’un
1038 2143 1134 2205 pezzo
1157 2125 1364 2206 d'argenlo‚

196 2240 330 2299 mentre
351 2235 378 2297 si
401 2235 548 2298 distende
571 2237 604 2298 in
630 2251 673 2297 un
698 2234 753 2298 filo
777 2235 886 2299 souile
921 2231 976 2315 pio
1011 2233 1041 2297 d'
1055 2250 1099 2296 un
1123 2232 1271 2312 capello,
1295 2233 1357 2296 ohe

200 2344 311 2425 prima
333 2360 390 2407 era
413 2362 526 2426 grosso
538 2362 635 2433 ,come
660 2362 703 2406 un
728 2345 807 2419 dito,
831 2362 895 2408 non
919 2342 1017 2406 credo
1041 2343 1102 2405 ohe
1124 2342 1151 2405 si
1176 2359 1271 2421 possa
1291 2342 1360 2405 fare

199 2450 237 2515 oi
261 2468 359 2517 meno
382 2450 629 2525 diooncedere,
653 2451 715 2515 ohe
737 2453 767 2515 le
790 2469 848 2514 sue
873 2451 957 2531 parti
974 2450 1240 2531 noll'allungorsi
1260 2449 1282 2511 11
1304 2449 1360 2512 filo

197 2561 227 2623 ei
253 2559 383 2622 vadeno
406 2560 458 2640 pel
481 2576 575 2623 verso
598 2559 685 2623 della
707 2561 887 2641 longhezza
912 2557 1095 2639 separando
1130 2575 1187 2638 por
1223 2557 1284 2619 dar
1315 2559 1360 2620 ri·

198 2672 292 2733 cetto
315 2685 335 2731 a
357 2668 486 2748 quello,
508 2667 570 2732 ohe
593 2667 908 2751 nell'assottigliarei
931 2667 954 2729 il
980 2667 1036 2730 filo
1059 2667 1086 2728 si
1110 2682 1277 2729 muovono
1306 2683 1363 2746 per

198 2775 409 2860 luoghezza,
434 2777 519 2841 onde
541 2778 592 2841 sia
613 2777 799 2841 necessario
829 2776 891 2841 ohe
918 2782 968 2840 tra
992 2776 1020 2839 le
1044 2777 1128 2857 parti
1152 2777 1183 2840 oi
1208 2793 1281 2840 esso
1305 2795 1361 2839 ar-

188 2891 301 2982 ·ssenlo
324 2886 350 2950 si
375 2887 505 2950 vodano
527 2889 686 2950 mutando
714 2887 872 2968 posizioni
896 2904 915 2949 e
937 2891 1257 2968 accompagnature,
1281 2904 1299 2948 e
1323 2887 1357 2949 io

195 3012 426 3077 oonseguenza
451 2997 659 3074 [ocoomenti‚
682 3015 700 3061 e
724 2996 785 3061 ohe
811 2999 856 3060 to}
883 2997 1063 3077 porticella,
1086 2997 1147 3059 ohe
1171 2998 1211 3059 da
1237 2998 1363 3076 prinoi-

195 3105 254 3187 pio
275 3121 332 3169 ora
356 3107 515 3186 prossima
539 3125 559 3169 a
584 3107 637 3169 un'
650 3107 747 3183 altra,
769 3125 815 3187 se,
828 3107 873 3190 gii
897 3107 984 3171 trovi
1006 3107 1039 3168 in
1058 3105 1123 3168 fine
1142 3106 1242 3168 molte
1259 3107 1357 3169 brao-

194 3214 249 3278 oia
272 3212 418 3288 lentona,
439 3215 576 3278 essendo
599 3221 651 3280 tra
673 3234 744 3281 esse
768 3216 947 3280 succedute
972 3216 1070 3278 molle
1094 3214 1128 3277 di
1151 3215 1269 3294 quelle,
1294 3215 1355 3277 ohe

196 3324 486 3389 truvo-salmonte
509 3325 537 3387 si
563 3341 728 3389 muovono
751 3325 825 3387 oell’
839 3323 1072 3405 assottigliarsi
1101 3323 1135 3384 in
1164 3323 1243 3385 111οε
1279 3340 1361 3403 que-

193 3437 248 3495 su
271 3433 506 3513 trasposizione
528 3433 563 3496 di
582 3435 679 3516 parti,
701 3441 816 3514 questo
840 3438 1044 3498 mutomento
1070 3433 1359 3516 d’aooompagna·

195 3543 283 3614 turo,
302 3557 323 3602 e
344 3542 452 3620 questi
474 3541 597 3606 diversi
620 3543 759 3606 oontatti
776 3543 805 3605 si
820 3544 997 3622 oapisoono
1021 3541 1209 3605 saoilmente
1233 3544 1355 3623 potorsi

193 3645 267 3710 rare
288 3647 321 3710 in
347 3664 391 3711 un
415 3655 595 3731 aggregato
618 3650 651 3713 di
675 3650 843 3730 particelle
872 3650 1032 3720 minime;
1068 3668 1120 3712 ma
1156 3650 1358 3714 l’inlendere

194 3755 376 3821 mumioni
400 3758 433 3821 di
457 3761 654 3824 tocoamenti
679 3762 713 3824 in
739 3778 782 3824 on
806 3778 906 3840 oorpo
930 3760 1112 3832 continuo,
1135 3761 1196 3824 che
1222 3769 1314 3825 tanto
1345 3760 1363 3823 e

192 3870 319 3946 quanto
352 3882 387 3928 se
421 3866 597 3932 dicessimo
631 3870 664 3931 in
700 3887 745 3932 un
768 3887 869 3950 corpo
904 3867 965 3933 ohe
1000 3886 1065 3931 non
1101 3869 1144 3932 ha
1182 3873 1266 3949 parti
1297 3869 1359 3932 ohe

193 3975 221 4038 si
258 3973 433 4045 tooohino.
472 3978 514 4040 mi
550 3996 627 4058 pare
661 3979 712 4042 sin
747 3980 803 4059 qui
838 3980 900 4043 ohe
935 3978 1054 4042 eooeda
1077 3977 1109 4039 la
1131 3973 1282 4058 capacite
1305 3977 1357 4040 del

195 4091 311 4148 nostro
332 4084 580 4151 intendimento.
608 4087 642 4151 lo
667 4104 731 4151 non
755 4087 870 4151 dubito
896 4087 1020 4161 niente,
1044 4086 1106 4150 ohe
1132 4092 1216 4148 [utta
1240 4085 1271 4147 la
1297 4085 1362 4148 dis·

191 4185 313 4257 fleuit&
344 4192 417 4256 dell*
436 4194 604 4258 intendere
640 4203 755 4277 questo
791 4202 917 4277 punto.
948 4214 966 4258 e
996 4195 1106 4276 quello
1129 4194 1189 4257 ohe
1212 4210 1363 4257 somma·

199 4306 314 4367 mente
344 4299 365 4365 ὁ
397 4321 454 4384 por
489 4307 681 4385 perturbare
717 4308 741 4370 il
772 4306 890 4389 Signor
919 4306 1078 4370 Colombo
1101 4322 1118 4366 e
1141 4303 1282 4385 qualche
1314 4302 1366 4366 a!-

196 4417 275 4485 tro,
299 4412 439 4478 consiste
463 4412 537 4477 nell’
551 4432 632 4479 aver
655 4415 736 4481 fatto
758 4422 933 4490 concello,
956 4412 1018 4478 ohe
1047 4415 1080 4477 in
1112 4431 1155 4475 un
1185 4419 1366 4494 aggregato
