3390 5294
398 505 463 572 ndu
843 518 1106 567 nrrsacsrn

397 647 615 724 putatorem,
633 655 727 703 corne
751 639 923 720 apparisce
946 639 987 704 dn
1011 643 1137 719 quanto
1153 639 1179 702 si
1198 637 1291 720 tepge
1310 637 1374 702 nita
1391 637 1474 702 racc.
1488 635 1552 702 tit

394 751 479 816 dulte
513 748 639 832 paroiea
663 747 717 812 Mu
742 748 834 810 uniri
856 746 908 810 dat
930 743 998 826 Sip.
1017 743 1146 822 datico,
1168 747 1241 812 sino
1261 763 1297 812 a:
1321 754 1430 830 pacato
1450 743 1552 828 efferta

392 861 440 923 dat
460 869 722 942 seprannnctare.
748 856 816 923 Che
840 856 1005 938 inquiete
1029 856 1113 921 delia
1137 855 1223 921 tatde
1247 856 1280 920 di
1305 855 1440 938 piombo
1459 873 1554 938 sopra

393 969 532 1051 raeque,
555 987 573 1030 e
596 967 681 1032 delia
705 967 836 1049 potuere
862 983 918 1048 per
942 964 1047 1038 i'aria,
1070 966 1120 1030 sia
1144 963 1348 1029 accidentale
1370 983 1393 1029 o
1415 982 1482 1030 non
1498 983 1555 1028 ac·

392 1077 565 1151 cidentaie‚
589 1095 654 1142 uon
677 1076 720 1140 ua
743 1077 804 1140 che
828 1075 878 1139 iar
902 1075 1012 1148 niente
1034 1073 1086 1140 cot
1107 1073 1174 1156 Sip.
1190 1072 1329 1150 Gatiteo,
1351 1075 1373 1136 it
1399 1074 1555 1155 quatere

393 1190 424 1252 ia
447 1189 549 1252 tuscia
571 1185 740 1250 chiamare
763 1203 783 1249 a
808 1193 919 1250 vostro
942 1183 1051 1257 modo,
1073 1200 1092 1246 e
1115 1182 1185 1248 soio
1213 1183 1287 1248 dice
1309 1184 1371 1248 ctre
1395 1184 1505 1264 quette
1527 1184 1554 1248 si

393 1297 540 1362 termeno
556 1297 720 1362 mediante
735 1295 830 1358 t'aria
846 1298 1026 1360 contenuta
1043 1298 1093 1356 tra
1113 1292 1157 1375 gli
1175 1294 1341 1374 arpinetti,
1360 1309 1378 1354 e
1396 1291 1459 1356 che
1474 1309 1554 1374 que·

311 1449 317 1464 .
390 1415 442 1471 sta
466 1425 531 1472 non
555 1407 582 1470 si
606 1406 747 1470 sosticne
771 1403 959 1468 altrimente
993 1401 1173 1473 nett'aria.
1197 1395 1237 1466 nd
1260 1401 1477 1483 nett’acqua.
1501 1419 1554 1468 rna

387 1516 448 1580 cha
471 1515 627 1580 neit’uno
648 1532 667 1576 a
691 1513 863 1576 nett'attro
886 1529 998 1577 mezzo
1020 1511 1093 1576 ceta
1117 1509 1149 1574 at
1175 1509 1284 1576 tando.
1305 1511 1331 1578 li
1349 1509 1420 1576 dire
1438 1513 1501 1577 che
1523 1513 1552 1578 ta

387 1623 518 1704 potuere
542 1639 606 1685 non
631 1622 658 1684 si
684 1619 786 1686 terma
809 1638 936 1702 sempre
961 1637 1017 1702 per
1040 1621 1133 1693 aria,
1158 1639 1222 1686 non
1250 1617 1268 1686 ὁ
1294 1629 1411 1686 contro
1437 1622 1471 1687 at
1499 1623 1550 1688 Si·

387 1747 470 1812 quor
492 1729 631 1803 uitrico,
656 1727 771 1810 poichd
793 1730 858 1813 epti
882 1730 955 1794 dice
973 1727 1037 1794 ctre
1053 1729 1085 1796 ta
1108 1747 1173 1795 non
1197 1731 1229 1795 ci
1252 1731 1279 1794 si
1304 1729 1408 1796 terma
1434 1739 1551 1813 punio:

386 1841 587 1904 contrariete
622 1841 704 1904 bene
729 1841 782 1903 voi
806 1858 826 1902 a
852 1840 905 1904 vni
942 1839 1141 1914 medesirnc,
1165 1827 1294 1906 avendo
1329 1839 1429 1906 meite
1463 1842 1550 1906 voiie

382 1946 473 2011 detto
493 1949 556 2011 che
579 1949 611 2011 ta
631 1949 765 2030 potuere
787 1966 853 2011 non
877 1943 942 2030 pud
964 1965 1122 2030 superare
1137 1947 1169 2012 ta
1188 1950 1367 2014 resistenaa
1389 1948 1549 2024 detl’aria,

382 2055 422 2118 ed
456 2073 514 2120 ora
549 2057 616 2120 dite
650 2057 712 2120 che
746 2057 879 2138 quando
905 2057 969 2122 etia
998 2057 1075 2122 t'tra
1113 2063 1269 2140 superata
1298 2061 1325 2124 si
1361 2079 1485 2126 mucre
1519 2063 1551 2126 at

383 2183 444 2228 suo
467 2172 590 2229 centro.
616 2165 672 2230 Ma
704 2183 738 2228 se
760 2165 822 2228 elia
847 2182 911 2228 non
937 2165 968 2228 ta
994 2161 1059 2245 pud
1082 2181 1248 2245 superare,
1265 2165 1397 2246 quando
1413 2165 1548 2230 t'avcrd

382 2277 444 2342 cita
469 2279 534 2340 mai
561 2277 744 2358 superata?
766 2295 786 2342 ο
808 2294 844 2340 se
867 2275 931 2339 etta
955 2279 988 2340 vi
1011 2276 1038 2340 si
1064 2273 1169 2338 terma
1193 2293 1250 2355 per
1268 2273 1409 2356 qualche
1429 2279 1549 2356 tempo,

381 2383 499 2469 perchd
525 2404 589 2450 non
617 2385 908 2450 continnamentei
931 2384 971 2450 Se
998 2384 1027 2446 ta
1053 2383 1187 2465 potuere
1213 2383 1242 2448 si
1269 2383 1372 2449 turma
1392 2383 1551 2448 nett'aria

383 2513 440 2576 per
464 2494 682 2574 t'impctenza
716 2494 748 2557 ai
782 2509 937 2575 superare
968 2494 1000 2556 ta
1027 2492 1204 2556 resistenda
1234 2491 1267 2556 di
1297 2491 1430 2574 quella,
1458 2499 1548 2558 certo

379 2605 442 2666 ctre
469 2602 535 2666 tino
558 2601 619 2665 che
643 2602 674 2665 la
700 2604 831 2684 potuere
854 2595 932 2666 sarit
955 2601 1096 2682 potuere.
1121 2619 1138 2662 c
1162 2593 1267 2667 t'aria
1290 2595 1366 2664 sard
1381 2599 1464 2676 aria,
1484 2600 1547 2666 etia

380 2714 405 2776 ai
431 2707 554 2776 doreti
578 2711 738 2786 formare:
762 2731 814 2776 rna
832 2729 867 2776 se
885 2729 942 2793 per
957 2710 1098 2793 qualche
1118 2719 1401 2794 sopravvepnenie
1419 2729 1500 2776 caeo
1518 2713 1544 2776 si

380 2813 521 2882 attererd
544 2819 576 2883 ta
599 2819 821 2884 scambieroie
844 2820 1009 2884 rctazione
1022 2825 1073 2884 tra
1091 2819 1113 2884 1·
1126 2819 1232 2886 ariae
1251 2819 1281 2884 ta
1302 2819 1543 2901 petractando

380 2947 421 2995 ue
444 2947 545 3013 sequa
568 2930 737 2996 contrario
758 2929 870 2994 ctietto
894 2929 947 2994 det
970 2930 1099 3010 primo.
1136 2947 1278 2995 nessuno
1304 2923 1424 2995 dorerd
1450 2945 1542 2994 esser

379 3045 513 3113 tasnato.
537 3037 654 3122 perche
676 3057 805 3120 sempre
829 3039 855 3102 si
882 3039 972 3120 parta
996 3037 1057 3104 ccn
1082 3039 1310 3122 supposizione
1332 3039 1445 3106 chela
1469 3039 1543 3122 pot-

379 3165 455 3212 vere
478 3150 527 3214 sia
552 3148 638 3222 tate,
660 3145 732 3212 ciod
754 3149 787 3214 di
813 3154 900 3213 terra
922 3167 943 3211 0
965 3149 996 3214 di
1021 3165 1102 3221 nro.
1124 3166 1143 3212 e
1165 3147 1227 3213 che
1250 3148 1272 3212 t’
1286 3147 1357 3212 aria
1384 3148 1435 3214 sia
1459 3149 1537 3222 tate.

377 3254 449 3322 ciod
473 3257 584 3338 quieta
608 3273 656 3320 ec.
676 3253 743 3321 Ora
762 3257 862 3321 stanti
886 3256 917 3320 te
940 3256 1068 3338 ipotesi‚
1085 3255 1339 3322 ediscendendo
1355 3263 1542 3339 pernostra

376 3365 587 3428 concessione
609 3363 642 3426 ia
666 3365 799 3444 potuere
822 3365 853 3427 at
878 3381 939 3428 suo
957 3371 1080 3435 centro.
1104 3360 1123 3426 d
1146 3363 1237 3429 iorza
1259 3363 1319 3430 che
1342 3365 1407 3428 etia
1432 3367 1466 3430 vi
1491 3367 1541 3431 di·

375 3471 495 3534 scenda
518 3489 667 3554 sempre.
691 3469 762 3537 ciod
786 3491 850 3538 non
873 3475 900 3538 si
924 3475 1025 3556 quieti
1052 3473 1129 3538 rnai.
1160 3473 1195 3538 t·
1208 3476 1325 3540 istesso
1348 3475 1382 3540 vi
1412 3476 1440 3542 ei
1470 3478 1541 3543 dica

375 3579 460 3643 deitc
483 3579 569 3643 tatde
592 3581 624 3645 di
650 3583 782 3663 piombo
805 3561 1038 3665 gattepgi'anti,
1064 3579 1136 3648 cicc
1159 3581 1221 3646 cire
1245 3583 1296 3648 sia
1318 3600 1400 3665 pure
1423 3591 1540 3666 questa

375 3687 485 3768 quiete
509 3690 730 3754 accidentaria
754 3696 878 3774 quanto
902 3692 936 3757 vi
961 3693 1065 3774 piace,
1089 3693 1162 3758 sinc
1184 3693 1247 3758 che
1269 3694 1378 3775 quette
1396 3711 1539 3760 aarannc

376 3795 508 3872 tuideo
532 3799 662 3881 t'acqua
685 3817 804 3881 acqua,
827 3817 845 3863 e
868 3801 914 3883 gii
938 3803 1047 3884 arpini
1070 3803 1178 3886 arpini
1197 3819 1259 3874 ec..
1278 3820 1349 3868 esse
1373 3803 1542 3887 gattegge·

375 3923 480 3970 ranno
500 3925 638 3988 sempre.
675 3908 715 3972 Sc
738 3909 791 3989 pot
816 3911 867 3973 uei
891 3927 1046 3976 successo
1062 3912 1113 3976 det
1138 3919 1249 3994 tempo
1283 3929 1385 3997 segue
1417 3915 1537 3980 alcuna
1664 3947 1665 3951 =

373 4011 573 4078 aiterazione
597 4019 647 4078 tra
670 4015 776 4096 questi
803 4017 1004 4097 particotari‚
1029 4014 1085 4100 gii
1106 4020 1130 4084 it
1151 4019 1363 4103 sequanico
1378 4027 1464 4087 recta
1481 4021 1536 4085 di·

373 4121 558 4203 annutigato
580 4122 634 4186 dai
659 4122 776 4188 render
800 4125 936 4206 ragione
959 4127 991 4193 di
1016 4123 1069 4192 eid
1091 4127 1153 4192 che
1176 4130 1225 4194 sia
1250 4145 1308 4212 per
1329 4131 1471 4214 acquire,
1494 4129 1536 4196 nd

370 4245 506 4292 occorre
520 4231 583 4293 cire
605 4232 668 4314 agii
686 4232 813 4296 arrechi
836 4232 1031 4300 distincione
1049 4253 1112 4300 con
1131 4237 1280 4304 directae
1296 4239 1407 4320 quetta
1422 4241 1533 4322 quiete

371 4353 429 4400 era
450 4339 688 4414 accidentaria,
711 4359 728 4402 e
752 4341 814 4406 che
838 4341 1004 4427 peninon
1028 4351 1147 4428 potera
1163 4347 1295 4421 durare,
1316 4345 1435 4430 perchd
1451 4367 1532 4431 quc·
1660 4345 1661 4353 ’

372 4451 422 4506 sta
446 4447 583 4511 sarebbe
606 4465 672 4514 una
688 4467 766 4514 cosa
787 4451 1004 4520 interamenta
1020 4455 1155 4522 toutana
1170 4457 1224 4521 dai
1241 4459 1410 4541 preposito
1426 4459 1460 4525 di
1477 4461 1535 4523 riae
1658 4547 1659 4553 η

295 4627 299 4646 ⁸
372 4555 399 4616 si
425 4559 534 4618 tratta.
560 4557 764 4624 Finaimente
787 4564 917 4628 avendo
941 4565 994 4628 voi
1018 4563 1082 4630 ben
1105 4569 1203 4632 cento
1226 4567 1315 4634 vottc
1337 4567 1452 4643 detto,
1474 4568 1533 4634 cita
1657 4629 1658 4655 q
