3104 5168
487 362 630 409 msconso
652 362 783 409 insonno
806 364 816 409 ι
839 361 1078 409 osnnnnoumi.
1317 344 1357 410 71

193 490 286 550 netto
306 489 399 567 posto
419 500 441 546 o
464 484 546 548 tolio
569 479 635 564 pud
659 484 785 549 vieinre
807 501 830 546 o
854 487 1050 564 permetiens
1084 482 1117 547 ia
1134 498 1237 557 soeso,
1255 499 1311 547 mn
1327 484 1362 546 in

192 595 299 675 quelle
321 594 384 659 one
396 594 426 658 si
446 609 557 659 vnnno
575 608 672 657 verso
690 591 724 655 io
742 586 901 655 sommiid
915 591 1132 665 attenuando,
1157 584 1251 671 potrd
1262 591 1363 671 nuni·

191 719 289 778 nono,
312 720 331 766 o
352 720 420 767 non
440 717 539 766 senza
562 700 665 764 molto
687 705 867 781 apparente
884 700 1034 780 sagione,
1049 698 1203 763 dubitare
1222 716 1258 762 ss
1277 715 1360 779 que·

191 817 241 876 sie
264 828 405 893 possano
426 809 478 875 iar
499 810 533 875 Ιο
556 814 672 882 stesso,
695 826 714 871 e
737 809 1006 872 massimnmente
1033 806 1143 888 quello
1161 808 1223 871 cino
1247 825 1362 873 venno

191 937 211 985 e
230 920 409 985 terminare
430 919 466 981 in
488 933 556 981 nnn
580 916 773 980 sontissima
798 922 913 996 punio,
934 931 1030 978 come
1052 931 1135 978 sono
1157 916 1168 977 i
1190 916 1304 979 odnie
1329 916 1360 978 ie

192 1029 347 1112 piramidi
371 1026 547 1094 soiiiii.1)i
570 1029 684 1107 queste
703 1024 848 1104 dunque,
871 1041 967 1088 oome
989 1021 1045 1105 pisi
1070 1025 1192 1089 dunois
1215 1025 1249 1089 di
1272 1030 1358 1090 tutte

192 1139 215 1202 i·
225 1138 321 1215 eine,
342 1132 502 1202 comneno
516 1136 551 1200 di
565 1136 774 1209 dimostrato,
788 1150 883 1197 come
897 1150 968 1198 esse
984 1151 1108 1197 onoora
1125 1135 1360 1216 sogginooiono

193 1246 227 1310 ni
249 1246 431 1311 medesimo
462 1244 634 1308 nooidonte
660 1242 692 1306 d’
705 1244 829 1307 nndnro
858 1260 877 1305 e
905 1259 971 1309 non
999 1242 1124 1307 andorn
1150 1244 1184 1307 sl
1206 1243 1305 1309 fondo
1328 1244 1360 1307 ie

194 1354 383 1427 medesime,
406 1370 424 1417 e
446 1354 540 1417 sieno
562 1352 595 1416 di
619 1352 841 1434 qnnlsivogiie
875 1350 1069 1433 grandem.
1092 1350 1148 1417 Sin
1171 1351 1305 1433 dunque
1334 1353 1360 1415 il

191 1460 276 1530 oono
299 1464 383 1529 nsi)
406 1459 416 1548 (
436 1460 512 1526 Tne.
534 1462 559 1533 Ι,
582 1459 655 1540 Εἰς.
682 1458 748 1555 14),
765 1460 848 1523 inito
870 1460 903 1523 di
927 1458 1068 1522 materia
1084 1476 1187 1541 grave
1206 1460 1241 1523 in
1265 1461 1355 1541 ispe-

192 1576 244 1639 ois
265 1591 360 1639 oome
384 1572 404 1636 i’
419 1589 549 1653 aequm
572 1566 591 1634 d
613 1569 789 1634 manifesto
810 1568 873 1632 che
903 1584 1013 1633 messo
1036 1572 1123 1633 intio
1144 1568 1220 1632 soit·
1233 1585 1358 1649 aeque,

190 1681 314 1748 resterd
335 1684 370 1746 in
393 1681 493 1746 tuit'i
516 1680 629 1762 iuoghi
654 1678 841 1762 (intendasi
866 1695 995 1761 sempno
1024 1678 1160 1761 qnando
1182 1683 1360 1761 esqnisiia-

191 1797 299 1853 nenio
321 1804 453 1870 pesnsse
483 1792 609 1868 quanio
644 1786 796 1867 i’noqna,
818 1787 842 1849 ii
865 1787 928 1850 ono
949 1778 1084 1867 d'qnnsi
1111 1788 1358 1869 impossibiles

192 1894 409 1983 edettnnrsi),
429 1914 449 1960 o
472 1896 534 1960 nise
556 1897 635 1977 ogni
659 1895 787 1977 pioooin
811 1890 942 1976 gravidi
964 1895 1026 1959 che
1048 1912 1084 1959 se
1108 1894 1151 1976 gii
1177 1896 1358 1979 ogginngn,

193 2004 297 2073 andrd
319 2008 352 2071 ni
373 2005 485 2071 iondo:
508 2023 563 2069 mn
586 2022 621 2068 se
655 2005 682 2067 si
706 1999 818 2067 calend
841 2022 862 2065 n
884 2005 982 2067 basso
1015 2004 1255 2087 leggermente,
1282 2006 1359 2072 dieo
1423 2013 1430 2027 '

195 2116 258 2181 cho
279 2117 308 2181 si
331 2111 404 2180 iord
425 2115 445 2177 l’
458 2116 623 2197 mgineiio
646 2111 764 2185 ESTO,
782 2113 878 2176 eohe
901 2109 1025 2178 testord
1053 2114 1140 2178 iuori
1163 2113 1358 2197 deH'no'qnn

195 2224 229 2289 in
252 2228 355 2307 pnntn
383 2225 461 2289 nsi
482 2224 651 2288 d’nllezna
674 2223 774 2304 tripla
797 2223 989 2287 ali'oiiezza
1012 2223 1086 2287 deii’
1099 2224 1214 2305 argine
1235 2224 1310 2297 Es:
1332 2225 1357 2288 ii

194 2332 258 2397 ono
279 2331 307 2396 si
328 2331 362 2396 in
383 2332 569 2406 manifesto,
592 2326 802 2412 imperoochd
825 2332 969 2412 pmendo
992 2331 1024 2394 in
1047 2332 1189 2394 materia
1205 2332 1256 2396 dei
1273 2350 1359 2397 cono

193 2441 404 2524 ognnimente
421 2457 516 2507 nome
535 2441 555 2504 Ι’
567 2457 685 2522 eoquo,
708 2441 741 2504 in
763 2446 856 2521 porto
877 2456 1060 2504 sommersa
1083 2439 1188 2505 SBDT
1204 2450 1292 2507 resia
1307 2444 1360 2507 in·

192 2550 364 2616 differente
391 2551 425 2616 ai
459 2551 627 2616 mnoversi
652 2551 686 2613 in
710 2545 769 2631 gisi
791 2568 812 2612 o
835 2550 868 2613 in
892 2568 954 2623 sn,
976 2568 996 2614 e
1017 2550 1041 2613 il
1062 2566 1149 2614 oono
1172 2548 1272 2624 nsi,
1306 2568 1360 2615 es·

193 2661 295 2733 sendo
316 2661 435 2743 ogonis
458 2662 493 2724 in
516 2660 603 2724 molo
618 2660 672 2724 ail'
684 2678 791 2741 noque
809 2658 871 2723 one
886 2660 914 2724 si
929 2661 1143 2725 ooniernebbe
1161 2659 1278 2723 deniro
1308 2661 1360 2724 oi·

192 2770 392 2855 i'nnginoito
412 2768 533 2841 lisso,
557 2769 601 2853 gii
626 2765 701 2833 sord
724 2769 831 2835 anons
851 2769 970 2851 egnum
991 2770 1027 2833 in
1051 2766 1201 2852 grovitds
1234 2787 1254 2832 e
1279 2766 1360 2852 perd

193 2875 271 2945 send
291 2881 327 2945 in
353 2884 440 2945 intio
466 2880 550 2944 intio
576 2879 807 2961 l'oqnilibrio,
829 2898 848 2943 e
871 2879 906 2942 in
932 2895 1161 2961 eonsegnenzn
1183 2880 1215 2942 ia
1238 2881 1358 2961 quiete.

193 2987 301 3055 Nmoe
321 3005 382 3053 orn
405 2988 429 3052 ii
451 2989 575 3054 dnbbio
596 3006 632 3053 se
654 2990 681 3055 si
706 3006 803 3071 possa
826 2990 877 3054 iar
899 2984 956 3071 nid
978 3007 1080 3071 greve
1103 2990 1126 3054 il
1153 3008 1239 3055 oono
1261 2990 1358 3062 Alii),

193 3102 287 3162 unio
303 3097 377 3173 ohe,
392 3097 526 3178 quando
548 3099 599 3162 sin
622 3116 730 3164 messo
746 3102 834 3164 intio
856 3100 1059 3180 sott’noqm,
1085 3099 1171 3164 vnde
1194 3100 1225 3163 nl
1248 3099 1359 3172 fondo,

192 3220 250 3269 mn
269 3220 338 3269 non
361 3199 417 3287 gid
439 3209 534 3269 ionio
554 3204 619 3272 one
636 3206 663 3271 si
688 3206 753 3271 iovi
779 3206 833 3270 nii’
846 3208 1012 3289 argineuo
1035 3206 1067 3269 ia
1086 3200 1212 3270 inediti
1225 3207 1279 3270 dei
1298 3224 1359 3288 po-

196 3320 248 3375 ior
269 3313 449 3379 amonem
470 3329 569 3411 sensa
599 3317 849 3398 sommergersi:
873 3333 891 3378 e
914 3315 946 3377 in
970 3315 1107 3396 ragione
1128 3316 1182 3378 dei
1205 3315 1359 3379 dubitare

194 3416 216 3485 d
237 3424 375 3502 onesta:
389 3420 452 3485 ohe
469 3424 621 3497 sebbene,
643 3424 777 3507 qnando
790 3425 814 3488 ii
832 3442 917 3489 oono
935 3425 1021 3490 ΔΒΙ)
1037 3422 1056 3487 d
1071 3425 1106 3488 in
1122 3424 1243 3506 ispeoie
1259 3442 1360 3508 grave

193 3546 290 3595 come
322 3528 486 3610 l’aoqna,
508 3533 705 3615 i’nrginelio
728 3532 837 3599 ESTO
858 3535 891 3599 io
913 3535 1066 3610 sostiene,
1088 3552 1155 3599 non
1177 3536 1358 3601 solamente

193 3636 328 3719 qnando
350 3638 383 3702 Ιι
406 3645 509 3721 punis
532 3641 611 3707 nsi
634 3639 654 3706 d
676 3643 773 3725 triplo
797 3644 834 3707 in
856 3643 982 3709 nitemo
1006 3645 1200 3710 nii'aliezna
1217 3647 1361 3711 deii’ar-

195 3746 272 3829 gine
294 3746 358 3824 lis,
379 3766 436 3813 mo
459 3746 516 3831 pid
533 3768 655 3815 annom
673 3753 807 3832 qnando
824 3754 934 3818 minor
949 3761 1041 3836 porte
1054 3772 1096 3819 ne
1115 3763 1256 3821 motasse
1272 3756 1359 3822 inori

191 3855 401 3938 deii’aoqnm
430 3856 549 3940 perone
582 3861 722 3925 sebbene
744 3862 797 3925 nei
820 3862 993 3927 discendes
1013 3862 1076 3928 ohe
1100 3864 1132 3927 ia
1165 3864 1189 3928 ii
1212 3883 1297 3930 cono
1326 3866 1358 3928 in

193 3967 299 4046 pnntn
321 3964 402 4031 nsi
425 3983 548 4045 soemo,
570 3986 589 4032 s
611 3985 723 4034 soemo
744 3968 857 4036 altresi
881 3971 901 4034 l’
914 3972 1080 4054 niginetio
1099 3970 1216 4047 ESTO,
1231 3974 1359 4036 niente·

192 4072 326 4139 dimeno
348 4091 411 4139 oon
435 4078 588 4159 maggior
611 4080 826 4160 proporziono
849 4097 959 4144 scema
984 4081 1015 4142 ia
1039 4084 1140 4161 ponta
1159 4081 1222 4144 ohe
1236 4079 1257 4141 Ι’
1270 4080 1361 4162 orgi-

194 4198 247 4261 ns,
269 4183 304 4247 ln
325 4184 425 4266 quale
447 4187 476 4249 si
499 4185 696 4253 diminuisoe
730 4191 873 4256 seoondo
895 4194 980 4254 inite
1017 4194 1067 4252 ire
1091 4189 1120 4253 le
1143 4189 1361 4262 dimensioni,

195 4308 251 4357 ms
273 4294 295 4357 i’
307 4295 424 4376 argine
440 4298 581 4362 seoondo
598 4299 663 4364 dne·
678 4298 871 4374 solamente,
888 4298 1044 4363 restando
1058 4314 1187 4379 sempre
1202 4297 1223 4360 1’
1235 4297 1360 4362 aliozza

196 4402 231 4467 Ιι
245 4405 443 4485 medesimn,
464 4409 646 4493 ovogiiom
667 4412 737 4477 dire
754 4408 872 4495 perdid
886 4412 910 4475 ii
929 4410 1015 4476 odno
1031 4411 1108 4477 AST
1126 4426 1168 4475 vn
1184 4412 1361 4477 memnndo
