3104 5168
557 370 585 414 or
612 368 765 417 r'rxcmszo
788 370 820 416 oi
845 370 967 417 osezis.
1074 368 1087 397 ⁸
1264 354 1329 421 2⁰¹1

195 507 268 547 sorio
286 498 358 548 solio
376 492 396 546 il
414 492 509 549 iivsiio
526 493 601 561 degli
620 493 754 562 argineiii
772 493 837 549 deli’
849 508 959 565 aequo,
977 492 1032 549 ohe
1048 496 1155 551 ritrovs
1166 497 1279 552 intorno
1298 498 1338 553 in·

194 598 278 649 torno
293 592 485 651 eil'eseioeile.
506 591 714 664 impereiooehe
731 593 887 649 i'sseieelis
904 593 969 649 deil'
979 595 1098 650 eheooe
1111 596 1138 651 ie
1150 596 1256 665 pieeire
1277 598 1336 655 del·

192 695 273 751 i'oro
289 694 447 749 ebbeeeeoo
465 698 542 749 ionio
560 694 588 747 lo
605 691 757 762 superiieie
773 693 947 764 dediscens,
966 698 1072 765 quanio
1089 704 1236 766 comporta
1251 700 1278 756 le
1297 700 1340 755 ior

191 794 315 865 mviii,
333 809 380 849 ma
399 809 456 847 non
469 793 497 848 ie
507 792 652 862 dividono,
672 790 778 865 perehd
795 793 885 849 sendo
897 793 990 849 divise
1002 795 1096 851 eiieoo
1108 797 1201 853 subito
1214 815 1245 855 se
1259 801 1339 855 n’an·

190 896 341 953 drebbono
360 896 390 950 in
410 894 504 952 fondo.

322 993 418 1065 (Paga.
436 996 527 1063 seu)
546 994 595 1051 dio
613 995 772 1063 apsiliam
790 995 820 1047 di
837 1022 862 1033 -
880 992 944 1048 d'orr
959 1010 1009 1063 per
1027 1005 1120 1064 questo
1138 998 1164 1051 ri
1180 1000 1309 1067 quietem

282 1094 361 1151 Bere
373 1094 394 1149 il
409 1094 468 1163 Sig.
480 1090 590 1149 Goiileo
602 1092 693 1164 prims
707 1091 881 1149 oomiooiere
898 1107 915 1145 e
934 1090 976 1147 ior
989 1093 1140 1150 manifesto
1159 1082 1212 1152 dire
1225 1097 1337 1168 l’eoqoe

192 1212 254 1253 non
271 1196 356 1254 ebbio
372 1196 575 1262 resmienze,e
606 1193 652 1263 poi
680 1193 822 1262 aeguitate
851 1208 909 1248 non
936 1194 1047 1250 avendo
1075 1194 1132 1250 mei
1160 1197 1337 1253 eomineieio.
1448 1214 1453 1221 ·

191 1292 305 1363 Qumio
321 1294 377 1351 alle
387 1293 553 1364 esperienza
568 1291 621 1347 she
635 1293 673 1347 da
689 1292 729 1347 lui
741 1293 766 1347 si
777 1292 911 1362 produce,
925 1308 979 1347 eoo
992 1292 1046 1349 ohe
1058 1294 1114 1363 ogii
1131 1296 1196 1351 rooi
1211 1312 1331 1366 provere

193 1412 236 1453 un
253 1396 398 1467 problema
414 1396 460 1451 dei
477 1396 560 1468 qoole
579 1394 710 1465 depende
727 1395 810 1466 qoesi
830 1399 900 1452 ioris
920 1395 948 1449 ie
964 1394 1099 1462 diseede,
1120 1412 1178 1451 noo
1200 1412 1266 1467 pere
1284 1398 1338 1455 ehe

191 1498 332 1553 eonelode
350 1512 415 1553 cosa
432 1498 540 1552 alsone.
562 1493 772 1566 imperoioeohd
791 1511 847 1549 oon
876 1496 892 1550 e
921 1496 947 1550 ie
975 1495 1065 1567 figora
1094 1497 1279 1566 piramidem,
1311 1502 1338 1555 io

190 1599 276 1673 quale
291 1600 309 1655 ὁ
326 1600 444 1669 ugione
463 1614 514 1668 per
531 1597 679 1653 accidente
697 1597 772 1652 delia
789 1598 884 1668 quieie
902 1596 1076 1653 eeeidenieie
1094 1598 1138 1653 de'
1148 1599 1245 1654 mobili
1264 1599 1337 1669 posii

191 1698 381 1769 neli’eequ:
399 1698 474 1753 ende
492 1698 546 1753 ello
566 1700 642 1752 ionio
659 1696 685 1751 ei
703 1696 873 1767 protendere
892 1712 943 1766 per
966 1698 992 1752 ie
1020 1698 1088 1754 base
1106 1703 1211 1769 quanio
1232 1716 1283 1769 per
1311 1700 1337 1754 la

189 1804 292 1869 punis.
309 1796 526 1853 Coneioeeieohe
544 1813 627 1867 prese
644 1811 701 1851 ons
729 1796 866 1866 piramide
893 1796 923 1851 di
946 1799 1030 1867 legno
1047 1798 1074 1853 d'
1084 1799 1187 1865 eheie,
1206 1800 1302 1854 insino
1319 1818 1337 1855 e

193 1903 277 1955 iunio
294 1915 345 1970 per
363 1900 391 1975 le
409 1904 496 1969 punio
514 1913 531 1954 e
550 1914 601 1968 per
618 1896 646 1953 le
663 1899 732 1953 hese
750 1899 775 1953 si
793 1896 973 1968 protendere,
992 1904 1098 1969 quanio
1119 1901 1146 1955 le
1172 1902 1337 1970 leggerezzs

190 2000 271 2059 dero
288 2000 425 2071 piramide
443 2016 460 2055 e
478 2000 504 2055 io
523 2000 680 2055 resistenze
698 1999 762 2054 deil'
773 2013 862 2069 aequa
880 1998 996 2068 pessino
1013 2005 1232 2069 conireppesere
1250 2002 1270 2056 ii
1285 2007 1338 2058 ier·

191 2114 257 2169 rso,
275 2097 329 2155 eho
346 2100 376 2154 in
394 2100 459 2170 quel
477 2100 562 2167 legno
580 2098 605 2153 ei
625 2103 712 2153 [rora.
733 2097 923 2169 Queniunqoe
952 2100 978 2155 oi
1006 2101 1070 2155 sord
1096 2100 1259 2167 differente,
1280 2116 1339 2157 me·

190 2200 295 2255 dinis
306 2199 334 2255 is
348 2199 447 2269 figure,
461 2197 514 2254 ohe
527 2215 622 2255 messa
635 2214 687 2269 per
698 2205 787 2271 punio
805 2200 830 2255 ei
842 2201 978 2256 mooverd
989 2200 1038 2271 pii
1052 2189 1147 2257 veloce
1163 2201 1256 2257 einos
1271 2204 1337 2273 quel

195 2299 331 2368 semine,
350 2316 367 2356 e
385 2315 436 2369 per
454 2300 521 2355 hese
537 2300 585 2370 piir
605 2300 693 2356 tarde.
712 2298 924 2370 lmperciooohd
942 2300 990 2369 piri
1002 2302 1200 2387 egevolmenie
1213 2301 1298 2359 fende
1309 2305 1338 2359 ia

191 2404 223 2461 Ιι
242 2403 397 2461 ῐωίιίοηιε
416 2405 444 2459 ie
463 2401 552 2473 iigore
570 2407 661 2469 eoois,
680 2399 735 2457 ohe
747 2402 765 2457 Ι’
776 2406 876 2457 otiosa.
891 2402 936 2457 iio
952 2400 999 2457 ehi
1016 2404 1079 2458 vuol
1094 2402 1135 2457 ier
1149 2405 1176 2457 ie
1188 2404 1337 2473 sperienze

193 2502 317 2574 bisogna
335 2503 395 2561 ime
421 2504 448 2558 d’
460 2519 516 2558 one
534 2505 635 2560 istesso
652 2504 738 2572 legno
756 2518 813 2558 ona
831 2503 969 2572 piramide
988 2518 1005 2559 e
1024 2518 1081 2558 une
1106 2503 1197 2572 iigore
1215 2506 1300 2574 piene
1321 2521 1338 2561 e

191 2607 306 2676 ιοίῑίΙο,
324 2605 547 2663 eohieremenie
565 2608 590 2662 ei
609 2605 696 2662 vedrd
713 2604 768 2661 she
786 2606 812 2661 le
830 2606 920 2675 ligore
939 2606 1104 2675 piramideie
1122 2621 1159 2662 ne
1177 2608 1266 2663 andri
1285 2623 1337 2678 per

190 2722 267 2779 gne
285 2711 366 2777 perte
384 2706 414 2761 in
435 2707 529 2773 fondo,
548 2722 565 2761 e
577 2706 605 2761 le
618 2704 708 2774 figura
720 2705 804 2774 piena
817 2706 924 2761 resterd
938 2705 1018 2775 quasi
1033 2709 1103 2759 iniis
1117 2720 1200 2774 sopra
1213 2706 1337 2777 i’aoque;

190 2825 211 2867 e
230 2824 264 2865 se
282 2809 303 2863 ii
320 2808 379 2878 εἰς.
397 2807 507 2863 Geiiieo
525 2807 564 2862 mi
583 2807 746 2877 replicasse,
766 2805 820 2863 ohe
838 2807 865 2860 ie
883 2805 973 2875 figure
992 2805 1077 2875 piane
1095 2806 1233 2876 gaileggie
1247 2823 1298 2877 per
1310 2808 1337 2862 la

193 2924 251 2967 m
266 2911 379 2965 nsiursl
395 2911 571 2979 leggerezze
590 2925 607 2966 e
625 2925 682 2963 non
701 2924 752 2978 per
771 2908 798 2963 le
816 2908 917 2977 figure,
937 2907 975 2976 gli
992 2907 1064 2963 direi
1077 2905 1131 2963 ehe
1144 2908 1276 2977 pigiiasee
1291 2909 1337 2964 dei

191 3010 311 3083 piem
329 3011 358 3065 in
378 3011 488 3066 cambio
503 3010 549 3065 del
567 3010 662 3078 legno,
680 3010 752 3065 dove
772 3024 829 3062 non
852 3008 1053 3077 dieggerezze
1072 3007 1188 3072 eidone,
1208 3024 1224 3063 o
1251 3009 1337 3064 vedrir
1365 3052 1367 3056 Α

190 3108 250 3173 eho
267 3086 326 3165 uns
344 3109 480 3178 piramide
500 3108 528 3163 di
548 3124 662 3164 essese
680 3108 826 3163 ire-andri
845 3111 914 3163 luite
934 3107 963 3160 io
982 3106 1077 3172 fondo,
1097 3123 1114 3162 e
1134 3122 1171 3161 on
1185 3106 1269 3175 piano
1282 3108 1339 3176 gol·

190 3210 362 3283 inmeriti!
376 3210 469 3267 simile
487 3210 512 3264 si
530 3211 586 3280 pud
605 3210 666 3265 dire
683 3208 861 3275 de’eiiindri,
881 3206 934 3263 ohe
954 3224 1011 3262 non
1030 3209 1152 3263 essendo
1170 3207 1260 3275 figure
1280 3211 1337 3264 aiio

191 3328 212 3369 ι
231 3310 277 3367 fir
295 3316 537 3382 repraesumere,
558 3326 616 3365 non
636 3306 660 3365 si
685 3324 807 3380 posenno
834 3309 956 3363 eddorre
974 3324 1025 3377 per
1043 3323 1149 3376 prove,
1170 3323 1217 3363 me
1234 3308 1294 3362 solo
1312 3308 1338 3362 le

191 3410 286 3483 ligure
296 3410 380 3482 piane
392 3410 548 3479 esgiooeno
565 3414 665 3481 questo
680 3410 794 3466 effeiio:
810 3424 897 3477 segue
911 3407 997 3474 bene,
1013 3424 1093 3464 some
1111 3407 1242 3463 abbiamo
1252 3408 1338 3472 detio,

191 3508 252 3569 ohe
267 3510 290 3567 ii
306 3511 426 3567 eilindro
444 3512 532 3581 longo
550 3525 567 3566 e
585 3509 678 3566 soiiile
696 3509 721 3563 si
739 3509 874 3564 mooverd
893 3508 940 3577 piri
961 3509 1154 3565 velocemeoie
1171 3509 1235 3564 eino
1246 3510 1273 3565 el
1287 3524 1338 3565 soo

192 3612 309 3669 nursi
325 3612 418 3682 luogo,
437 3628 454 3668 e
472 3613 492 3668 ii
511 3613 589 3680 largo
608 3612 655 3683 piri
674 3611 764 3673 tardi:
780 3610 912 3680 adunque
925 3613 988 3667 sard
1002 3627 1069 3666 vero
1082 3609 1137 3667 ohe
1151 3612 1178 3666 la
1189 3610 1338 3681 lerghem

192 3712 271 3771 duih
287 3712 378 3783 figure
394 3714 441 3784 piri
460 3714 538 3783 large
556 3715 673 3782 apporia
690 3711 845 3779 diffleoile,
874 3726 891 3767 e
918 3712 944 3765 le
963 3715 1063 3767 sirena
1090 3713 1259 3782 egevoIezze
1289 3712 1336 3768 nel

155 3886 165 3901 ἢ
191 3812 397 3881 nuvimeoio,
408 3814 481 3869 onds
498 3814 522 3869 si
536 3813 590 3884 pud
602 3812 712 3868 ridorre
723 3826 741 3866 e
753 3816 830 3866 mnis
842 3812 987 3881 empiene
1002 3810 1056 3867 ohe
1068 3813 1178 3881 cepioni
1195 3813 1222 3866 la
1237 3812 1333 3882 quiete

191 3914 381 3973 midenide.
398 3913 446 3971 Me
464 3916 522 3969 noti
543 3914 563 3969 il
582 3913 641 3983 Sig.
660 3911 768 3969 Galiieo
786 3911 840 3969 che
859 3928 876 3968 a
892 3914 972 3969 voier
991 3928 1109 3982 provere
1124 3928 1175 3982 per
1188 3911 1338 3966 indoziooe

192 4030 254 4073 um
271 4016 468 4089 propositione
484 4015 662 4081 universale,
680 4014 798 4083 bisogna
818 4014 935 4084 pigiiere
954 4015 1016 4069 iulii
1036 4015 1045 4067 i
1075 4011 1234 4083 periicoleri
1265 4016 1338 4065 solio

191 4115 224 4171 di
242 4130 308 4172 essa
325 4116 480 4181 eonmouii,
494 4131 511 4172 e
525 4132 595 4181 non,
614 4132 693 4171 oome
712 4117 768 4185 egli
788 4115 824 4180 ie,
844 4116 935 4171 duee
955 4119 1005 4170 ire.
1024 4112 1234 4183 Impereiooehe
1249 4127 1338 4182 quan·

189 4222 301 4289 ianque
311 4218 339 4273 ie
350 4215 442 4287 figura
453 4217 617 4288 piramidele
626 4234 643 4273 e
653 4218 680 4273 lo
695 4218 841 4273 eilindrioe
859 4234 916 4272 non
936 4215 1048 4285 regioni
1060 4215 1087 4269 ie
1099 4215 1203 4285 quiete,
1217 4229 1275 4267 non
1288 4229 1339 4283 per

191 4320 297 4389 questo
311 4317 337 4374 si
355 4320 412 4388 prid
429 4318 492 4374 dire
509 4316 563 4373 ohe
583 4319 670 4373 niune
689 4319 779 4389 figora
791 4320 818 4374 la
831 4319 941 4389 regioni
956 4359 964 4386 ‚
978 4333 1025 4373 ms
1036 4317 1154 4385 bisogna
1166 4329 1269 4369 ancora
1285 4313 1338 4369 eho

194 4416 217 4469 ii
237 4416 434 4488 qoodmngoim
454 4418 473 4473 ii
490 4417 627 4487 iriengoio
644 4435 661 4474 e
680 4420 699 4473 il
718 4420 805 4489 piano
824 4434 880 4473 non
900 4419 927 4473 io
945 4416 1063 4473 corioni.
1094 4413 1235 4483 Adunrpre
1263 4429 1294 4467 re
1312 4414 1338 4467 ie
